3146 4960
331 223 502 295 Sedisvacanz
522 211 567 287 der
585 227 700 298 bibcese,
718 222 886 286 Einitommen
904 233 955 286 und
974 213 1054 286 want
1066 226 1113 286 der
1131 199 1259 286 Biscbb'te.
1358 205 1417 278 131

174 409 239 462 bene
258 407 378 471 meritos,
406 406 448 472 qui
475 403 551 458 sedes
578 411 700 461 tracanles
727 408 861 462 obtineant
887 408 928 460 tei
947 405 1108 470 coadjutoris
1139 405 1251 460 officium
1279 405 1418 470 suscipiant

173 494 241 548 iliius
260 493 386 558 Episcopi,
405 493 446 556 qui
466 494 560 546 auxilio
580 495 741 560 coadjutoris
759 495 876 558 indigere
895 489 1039 546 censeatur.

278 580 366 642 »Quod
386 583 485 642 spectat
503 592 564 632 uero
584 583 614 633 ad
635 594 722 645 casus,
750 581 850 646 quibus,
881 586 957 645 prout
986 579 1105 645 superius
1125 581 1221 632 statum
1243 583 1296 643 est,
1314 578 1418 633 concilii

173 669 287 732 provinc.
307 667 445 720 celebratio
465 679 516 719 non
535 667 571 720 ita
589 671 706 730 proxima
722 673 774 734 sit,
802 683 834 721 ne
863 672 940 722 sedes
968 667 1125 732 Episcopails
1153 667 1239 731 aitqua
1266 667 1308 718 diu
1336 675 1420 730 tacet,

174 753 283 819 primum
303 756 351 806 boc
370 765 529 815 magnopere
549 760 719 817 opportunum
733 755 804 807 tactu
819 759 866 819 est,
886 759 913 808 ut
924 755 1018 818 singuli
1033 753 1147 817 Episcopi
1160 753 1248 806 literas
1261 753 1418 816 subscriptas

173 846 198 892 et
217 840 300 902 sigilio
320 839 412 903 duplici
430 838 543 891 munitas
562 840 682 903 exemplo
702 841 770 904 apud
789 853 817 892 se
843 841 969 904 babeant,
992 839 1082 904 quibus
1108 839 1290 892 contineantur
1314 839 1419 893 nomina

173 927 250 978 trium
269 928 362 979 saitem
381 928 560 990 sacerdotum,
586 937 649 990 quos
672 925 779 978 idoneos
799 925 956 978 arbitrentur
978 926 1009 978 ad
1032 925 1170 997 dioecesim
1189 925 1345 987 regendam
1369 925 1418 976 bae

173 1018 257 1064 autem
277 1013 377 1064 litterae
396 1013 431 1064 ita
449 1012 563 1064 exterius
582 1011 711 1074 obsignari
731 1012 834 1078 debent,
853 1014 882 1064 ut
901 992 1054 1064 adveniente
1073 1011 1191 1075 Episcopi
1216 1013 1298 1064 morte
1317 1011 1429 1064 Victrio·

172 1101 289 1162 generati
308 1101 450 1152 tradendae
469 1112 527 1150 esse
547 1099 735 1163 intelligantur;
756 1100 868 1151 vicarius
886 1111 946 1150 vero
965 1099 1095 1162 generalis
1115 1100 1225 1150 alterum
1240 1111 1332 1152 earum
1350 1099 1417 1152 litte·

171 1198 260 1238 rarum
279 1189 425 1249 exemplum
444 1188 476 1238 ad
496 1187 733 1250 archiepiscopum,
758 1189 867 1238 alterurn
893 1185 925 1238 ad
946 1186 1152 1250 propinquiorem
1178 1181 1234 1237 vei
1237 1187 1365 1239 seniorem
1385 1197 1417 1238 ex

173 1274 272 1324 duobus
290 1272 419 1336 Episcopts
438 1273 663 1338 propinquioribus
692 1273 863 1326 deferendum
892 1277 972 1324 curet.
1008 1273 1041 1324 Eo
1065 1272 1207 1324 litterarum
1238 1274 1357 1336 exemplo
1376 1285 1418 1324 ac·

172 1364 246 1422 cepto
265 1359 403 1422 Episcopus
423 1359 589 1424 propinquior
614 1360 646 1410 ad
667 1360 892 1424 archiepiscopum
917 1357 1012 1410 scribet
1039 1371 1150 1422 suasque
1179 1359 1416 1412 animadversiones

171 1445 283 1510 adiiciet.
320 1447 429 1508 Epistola
450 1447 565 1511 Episcopi
580 1448 770 1513 propinquioris
786 1447 816 1499 ud
831 1444 1055 1509 trobiepiscopum
1070 1445 1165 1509 delata,
1184 1445 1225 1498 rei
1238 1445 1259 1496 si
1272 1445 1418 1508 neglexerit

172 1532 194 1583 is
213 1533 326 1584 scribere
346 1533 490 1584 rationabili
510 1535 597 1596 elapso
617 1533 741 1598 temporis
760 1533 857 1598 spatio,
878 1531 1090 1594 archiepiscopus
1109 1531 1140 1583 ad
1160 1543 1250 1585 omnes
1271 1533 1418 1596 Episcopus,

172 1633 206 1672 ne
225 1619 398 1685 propinquiori
417 1619 521 1683 quidem
540 1624 657 1684 excepto,
676 1621 773 1672 scribet
792 1623 817 1671 et
836 1619 943 1670 nomina
962 1617 1011 1669 iiia·
1028 1629 1086 1668 cum
1110 1609 1164 1670 suis
1188 1617 1416 1671 animadversioni·

170 1707 221 1758 bos
240 1706 444 1768 communicabit,
467 1706 574 1758 aliorum
595 1707 672 1759 etium
692 1707 837 1759 nominibus
856 1705 964 1769 additis,
982 1706 1002 1755 si
1022 1705 1071 1769 iili,
1091 1717 1156 1769 quos
1174 1705 1313 1768 Episcopus
1332 1705 1416 1768 desig·

172 1796 290 1855 nacerat,
309 1791 506 1856 atcbiepiscopo
520 1793 606 1844 idonei
620 1793 723 1846 minime
738 1794 879 1844 videantur.
911 1793 969 1844 Post
982 1793 1105 1855 acceptas
1118 1791 1306 1856 treniepiscopi
1318 1791 1417 1844 litteras

171 1891 262 1930 omnes
280 1877 396 1942 Episcopi
416 1878 448 1930 ad
468 1878 492 1930 S
512 1879 537 1932 C.
556 1877 612 1932 sine
632 1891 703 1932 mora
724 1880 835 1971 scribent
854 1891 913 1932 suas
931 1879 1075 1932 sententias
1094 1882 1119 1930 et
1137 1879 1262 1942 suffragia
1285 1878 1316 1931 tle
1336 1877 1417 1930 tribus

157 1964 220 2018 'iliis
239 1967 279 2016 vel
299 1977 346 2016 sex
364 1965 549 2018 commendatis
569 1966 719 2029 exposituri

275 2049 434 2104 »Vacante
461 2066 534 2106 vero
564 2053 634 2106 sede
662 2049 912 2120 Metropolitum
942 2055 1044 2106 litterae
1072 2053 1264 2118 arctttepiscopt
1291 2053 1416 2106 demortui

171 2139 277 2191 nomina
297 2141 372 2191 trium
392 2141 555 2192 sacerdotum
573 2139 738 2202 designantes
766 2141 899 2194 aiicario
927 2141 1042 2204 generati
1071 2140 1103 2194 ad
1131 2141 1283 2204 Episcopum
1313 2141 1422 2214 propin-X

172 2225 288 2290 quiorem
307 2233 333 2278 et
352 2228 383 2277 ad
403 2227 597 2288 suffraganeum
617 2225 766 2290 Episcopum
785 2227 915 2280 seniorem
928 2229 1068 2279 mittendae
1080 2231 1147 2280 sunt.
1176 2227 1315 2290 Episcopus
1331 2231 1415 2281 autem

171 2315 259 2366 senior
277 2311 457 2376 suffraganeus
477 2313 552 2366 iactet
572 2327 603 2365 ca
623 2315 723 2384 omnia,
743 2326 808 2378 quae
828 2313 858 2364 de
877 2313 1072 2377 archiepiscopo
1092 2313 1210 2376 superius
1233 2315 1329 2366 statuta
1347 2316 1430 2386 sunt,

171 2401 213 2454 ubi
233 2401 319 2463 agitur
337 2399 368 2473 de
388 2398 505 2462 Episcopi
525 2399 658 2450 electione.
695 2399 788 2460 Quodsi
808 2399 875 2462 apud
894 2399 1043 2463 Episcopum
1069 2400 1109 2450 vel
1128 2389 1352 2464 lircltiepiscupum
1372 2401 1416 2452 de·

171 2488 302 2538 mortuum
321 2486 422 2538 litterae
442 2487 601 2537 memoratae
627 2486 658 2536 de
683 2486 758 2538 trium
782 2487 945 2539 sacerdotum
970 2487 1147 2552 designatione
1170 2499 1222 2540 non
1246 2489 1415 2555 repertantur,

171 2573 284 2624 vicarius
303 2585 362 2635 gen.
382 2573 533 2636 Episcopum
554 2572 761 2636 propinquiorem
781 2575 822 2624 cel
841 2572 971 2625 seniorem
997 2587 1029 2625 ex
1055 2577 1069 2625 ²
1093 2575 1314 2639 propinquioribus
1331 2575 1365 2627 'de
1385 2587 1416 2629 aa

171 2672 201 2711 ra
220 2661 357 2710 certiorem
384 2658 469 2711 statim
489 2660 580 2722 faciet,
600 2663 628 2711 ut
647 2659 784 2722 Episcopus
803 2662 920 2726 propinq.
940 2661 955 2711 3
975 2661 1092 2724 designet
1119 2661 1413 2727 sacerdotumnomlna

171 2745 278 2808 epistola
298 2747 329 2796 ad
350 2746 571 2809 archiepiscopum
591 2747 722 2800 mittenda.
759 2748 972 2811 trcttiepiscopus
990 2762 1020 2800 ca
1045 2755 1150 2812 accepta
1172 2748 1205 2800 ad
1231 2760 1321 2802 omnes
1344 2751 1415 2815 Epis·

172 2845 249 2894 copos
268 2832 373 2894 scribet,
401 2835 426 2884 et
454 2845 486 2884 ea
514 2830 598 2884 omtlia
626 2833 699 2896 dent,
730 2833 851 2898 quoiam
870 2834 981 2886 indicata
1007 2839 1066 2892 sutri
1086 2837 1153 2886 circa
1171 2835 1265 2898 ligendi
1283 2836 1413 2892 rationem
1509 2879 1510 2886 ,

171 2919 320 2982 tenendam,
339 2917 382 2972 ubi
402 2919 503 2972 litterae
523 2919 637 2984 Episcopi
657 2927 702 2971 aut
721 2920 911 2984 trentepiscopi
930 2923 1093 2973 sacerdotum
1109 2921 1212 2974 nomina
1225 2927 1284 2974 onte
1305 2929 1413 2978 mortem

171 3006 331 3070 designantis
349 3006 444 3057 tuerint
462 3007 589 3068 repertae.
626 3005 652 3056 Si
680 3005 818 3080 Episcopus
845 3009 963 3071 propinq
991 3009 1023 3059 ad
1050 3007 1273 3071 Arcbiepiscopum
1300 3011 1415 3072 scribere

172 3093 323 3156 neglexerit,
342 3093 578 3155 Arcaiapiscopus
573 3104 628 3154 tpse
648 3092 663 3142 3
683 3093 784 3144 nomina
807 3093 970 3147 sacerdotum
996 3095 1170 3158 suffraganeis
1196 3098 1331 3164 omnibus,
1357 3109 1416 3162 pro·

173 3181 299 3246 pinquiori
319 3191 370 3230 non
389 3186 509 3242 excepto,
541 3179 694 3241 designabit.
732 3179 759 3230 Si
778 3185 871 3243 agatur
891 3181 924 3232 de
942 3183 1132 3244 tircbiepiscopi
1159 3181 1300 3246 electione,
1328 3166 1422 3236 εειιιοι
1447 3251 1448 3256 ¹

173 3266 311 3329 Episcopus
325 3266 511 3328 suffraganeus
529 3265 608 3317 iaciat
626 3267 727 3332 omnia,
746 3279 811 3330 quae
831 3269 857 3318 ln
875 3265 991 3330 Episcopi
1015 3268 1142 3320 electione
1166 3268 1198 3319 ab
1216 3269 1415 3336 trobiepiscopo

173 3351 292 3404 iacienda
308 3365 366 3404 esse
386 3353 585 3417 decretumest.

277 3457 366 3518 »Quod
384 3458 495 3523 pertinet
514 3457 546 3508 ad
566 3457 747 3512 electionem
767 3455 1009 3529 coadjutorum,
1036 3461 1143 3524 excepto
1163 3472 1239 3526 casu,
1265 3471 1316 3524 quo
1335 3463 1415 3518 sedes

173 3545 328 3609 repostaria
348 3543 448 3596 ratione
468 3545 599 3609 agendum
619 3559 677 3596 esse
696 3547 825 3609 statuerit,
844 3547 992 3610 Episcopus
1012 3548 1054 3628 qui
1074 3546 1255 3614 coadiutorem
1274 3549 1350 3618 petii,
1370 3561 1415 3604 no

173 3633 241 3682 ruina
261 3631 336 3682 trium
355 3631 518 3683 sacerdotum
539 3632 735 3696 arcttiepiscopo
764 3634 791 3685 et
809 3632 938 3696 Episcopts
966 3633 1140 3694 suffraganeis
1167 3633 1333 3700 significabit,
1356 3648 1415 3702 sup·

173 3718 265 3783 plicam
294 3715 407 3770 libellum
428 3718 459 3769 de
479 3731 508 3770 ea
528 3719 652 3770 reads
672 3713 807 3782 Emittat,
827 3700 1082 3783 et'arcittepiscopus
1102 3722 1128 3770 et
1145 3719 1261 3784 Episcopi
1279 3723 1306 3774 S
1322 3723 1415 3788 congr

175 3805 290 3861 mentem
310 3815 382 3854 suam
402 3803 434 3854 de
454 3803 609 3866 coadjutore
628 3805 747 3868 eligendo
767 3805 1000 3859 communicabunt.
1035 3807 1104 3858 ilaec
1122 3809 1195 3872 sunt,
1220 3819 1285 3872 quae
1303 3810 1329 3880 itt
1347 3823 1416 3864 com·

171 3890 325 3942 mandandis
343 3891 402 3942 Sedi
421 3893 507 3953 apost.
521 3891 697 3944 sacerdotibus
716 3905 763 3957 pro
776 3893 934 3946 Foederatae
948 3895 1080 3946 Americae
1094 3895 1276 3960 Episcoporum
1289 3899 1415 3954 electione

172 3979 197 4028 S.
217 3977 389 4030 deerrante
409 3973 580 4042 praescripsit.
616 3980 650 4030 Ea
669 3992 731 4032 uero
756 3982 913 4048 decernens,
938 3985 1028 4056 nolum
1053 3983 1171 4054 omnibus
1196 3995 1253 4034 esse
1278 3984 1416 4050 voluit„in

172 4063 266 4115 biteris
294 4065 325 4116 de
353 4065 401 4115 bac
428 4067 646 4128 pertractantibus
674 4067 706 4118 ad
727 4069 751 4119 S.
771 4069 864 4120 Sedem
884 4069 1089 4122 transmittendis
1113 4069 1173 4120 nibil
1191 4070 1300 4122 inveniri
1318 4071 1416 4136 deberi,

174 4151 242 4216 quod
261 4150 414 4206 electionem
434 4155 477 4204 aut
495 4153 696 4208 nominationem
711 4166 772 4217 prae
789 4167 818 4206 se
838 4155 916 4218 terat,
935 4156 978 4217 ita,
997 4159 1024 4206 ut
1039 4155 1115 4206 etiam
1129 4167 1161 4206 aa
1174 4155 1318 4210 litterarum
1331 4155 1416 4210 torma

173 4239 275 4304 pateat,
293 4240 390 4291 nullam
408 4241 434 4292 in
453 4241 477 4292 S.
496 4241 591 4314 sedem
618 4240 709 4294 interni
737 4242 920 4306 obligationem
948 4243 1060 4306 eligendi
1087 4243 1198 4308 aliquem
1227 4255 1258 4296 ea
1283 4256 1414 4299 commen·

174 4326 254 4378 datis:
272 4325 343 4376 salta
362 4327 430 4379 enim
448 4340 556 4380 ntanere
575 4315 653 4382 debet
672 4331 697 4380 et
715 4330 806 4382 illaesa
825 4330 900 4382 Sedis
919 4333 1007 4394 apost.
1027 4330 1133 4384 libertas
1156 4331 1182 4386 iu
1201 4331 1327 4396 eligendis
1345 4331 1419 4394 Episz

175 4413 260 4477 copis,
279 4414 515 4469 commendationes
539 4427 600 4468 vero
619 4417 704 4488 iumen
731 4419 831 4470 tantum
850 4419 876 4470 et
900 4417 1075 4480 cognitionem
1100 4419 1125 4472 S.
1145 4419 1239 4484 congr.
1257 4429 1310 4471 nort
1328 4420 1414 4470 autom

174 4497 360 4563 obligationem
379 4500 498 4568 atterent.

280 4585 389 4641 »batum
407 4587 502 4644 Romae
521 4603 552 4646 ex
571 4591 721 4647 aedituas.
741 4593 834 4660 congr
852 4592 885 4646 dc
903 4593 977 4658 Prop.
996 4592 1063 4660 Eide,
1081 4595 1123 4648 die
1142 4593 1183 4647 tt.
1176 4555 1268 4718 danii
1288 4589 1381 4645 tauta

1166 4678 1186 4744 9
