3094 4954
139 194 182 266 84
346 212 540 287 Hepammm,
555 216 604 272 zur
621 212 777 297 Publicadcn
796 216 842 272 des
859 212 1036 272 recusem
1054 216 1080 269 in
1097 213 1184 270 auen.

141 388 275 456 tradend
296 389 457 473 pariere,
485 389 605 454 ueniet
636 405 668 454 er
690 389 756 454 sich
780 388 834 472 der
856 385 1116 454 Bandtkie’echen
1137 385 1311 453 Deducticn
1334 407 1382 466 au,

141 493 205 560 und
221 494 358 560 tracbtet
372 512 426 558 vor
441 491 544 558 Altam
557 491 629 575 jene
643 491 786 562 Trienter
802 492 986 558 Bescbltsse
1001 491 1070 556 klar
1093 490 1266 571 66616166,
1289 491 1381 558 deren

141 597 352 663 Modification
376 597 424 662 die
447 595 665 662 Geistlicbkeit
688 595 799 661 Polens
822 596 988 662 austrebte.
1013 659 1015 666 ,
1359 605 1362 612 ’

245 701 354 770 Diaser
383 700 539 767 Umstand
569 700 645 765 wird
678 719 737 766 uns
775 700 826 766 die
858 699 1101 783 Ausiubrungen
1134 698 1314 764 Bandtkie's
1349 699 1382 763 16

143 809 242 878 eiaem
275 825 376 874 neuen
408 805 518 873 Licbte
558 804 737 870 erscheinen
777 804 839 868 und
881 804 1022 888 zuglcicb
1055 801 1105 868 die
1138 802 1383 887 Ueberzeugung

144 911 291 996 sehopicn
311 910 425 989 Iessea,
448 909 519 974 dass
542 908 698 974 Bandtkie
717 947 758 958 -
780 908 877 973 selbst
900 905 1032 973 beiden
1061 906 1127 970 ihm
1157 907 1382 992 auganglicbeu

17 1031 21 1038 '
78 1021 83 1026 ’
142 1013 272 1098 Quellen
301 1051 342 1062 ·-
370 1013 446 1080 inber
478 1011 528 1078 die
562 1012 729 1095 Reception
763 1013 817 1080 der
840 1009 1108 1078 Tridentinisehen
1134 1009 1317 1076 Beschlusse
1351 1011 1381 1074 in

142 1120 239 1186 Pelen
260 1119 370 1186 andere
393 1117 481 1184 hatte
504 1117 661 1183 bericbtcn
686 1118 807 1184 konnen
829 1117 893 1182 und
915 1117 1020 1183 sollen.

245 1225 305 1290 Um
329 1221 394 1287 also
417 1221 466 1286 die
489 1221 662 1304 fragliehen
685 1221 934 1287 Modificaticnen
957 1220 1082 1285 evideut
1104 1239 1142 1284 zu
1163 1219 1311 1297 macher,
1338 1219 1381 1284 ei·

143 1327 203 1392 tint
233 1325 392 1394 Professor
415 1325 589 1410 Burzybski
620 1325 768 1389 zuntc'hst
786 1325 873 1403 eine,
904 1325 955 1389 bei
977 1323 1111 1388 Theiner
1133 1323 1229 1406 (Mon.
1253 1323 1320 1388 Pol.
1344 1323 1380 1389 V.

141 1430 185 1497 ll.
207 1451 237 1514 p.
261 1430 333 1495 708.
357 1429 420 1492 und
444 1430 515 1494 709.
540 1448 610 1494 666.
637 1429 733 1512 1564)
757 1427 984 1512 abgedruckta‚
1009 1426 1088 1492 dem
1122 1426 1258 1511 heiligen
1286 1427 1383 1492 Vater

143 1536 219 1600 Pius
242 1535 306 1612 lv,
330 1532 495 1599 anlasslich
519 1533 574 1598 der
594 1531 759 1597 Annahme
780 1532 835 1597 der
858 1532 1002 1597 Trianter
1016 1531 1200 1597 Bescblirsse
1223 1530 1256 1596 in
1274 1531 1381 1612 Pelen,

141 1659 194 1706 arn
219 1641 267 1706 13.
291 1639 380 1721 April
406 1638 487 1702 1564
509 1637 742 1715 unterbreitete‚
765 1636 968 1722 Vorstellung
987 1635 1042 1700 des
1063 1635 1242 1720 poluiseben
1257 1635 1382 1718 Episco-

142 1747 246 1826 petes‚
275 1761 331 1808 666
362 1741 491 1806 welcher
520 1741 575 1805 wir
600 1760 658 1805 nur
688 1739 760 1805 rwei
790 1737 922 1819 Stellen,
953 1739 1000 1804 616
1030 1738 1080 1805 die
1107 1738 1381 1804 bezeichnendsten

143 1846 362 1912 hcruorheben.

248 1950 339 2016 Nach
362 1949 446 2014 einer
468 1949 614 2032 langeren
636 1948 818 2030 Einleitung
840 1946 924 2013 lesen
946 1947 1001 2013 wir
1023 1947 1103 2027 dart,
1128 1947 1184 2012 616
1207 1948 1301 2030 iolgt:

155 2087 157 2095 1
195 2103 197 2108 κ
246 2038 1382 2135 16666166666616661666,6106661111Τ616166116161666616,61’66-
1484 2053 1487 2058 '

142 2157 728 2226 666111661661616166666116666116
753 2161 781 2221 et
807 2157 852 2222 od
876 2157 1005 2222 6616666
1034 2155 1215 2237 beneficiam
1237 2161 1383 2220 cerotum

88 2271 91 2278 “
144 2285 181 2330 ac
203 2265 247 2328 cd
266 2262 469 2328 residerdiom
490 2260 526 2326 ia
545 2280 580 2325 ee
595 2260 798 2342 personalem
819 2243 999 2342 redtyeadis
1014 2259 1046 2323 in
1061 2258 1188 2324 meliora
1203 2257 1384 2323 incidissent

143 2371 293 2450 tempora,
315 2384 393 2448 quae
416 2363 443 2429 si
465 2366 501 2429 ut
523 2365 674 2443 tenemur,
697 2363 737 2428 ad
752 2363 890 2429 debitam
906 2363 964 2428 heo
985 2364 1122 2446 tempore
1147 2361 1382 2444 exequutionem

144 2471 294 2536 deducere
316 2468 418 2534 conati
440 2467 604 2546 fuerimus,
635 2467 818 2545 metuimus,
848 2485 887 2530 ne
911 2467 942 2532 et
963 2465 1106 2550 Regnum
1129 2465 1204 2544 boo,
1231 2466 1262 2530 et
1284 2465 1382 2530 tetam

144 2573 313 2640 Ecclesiam
332 2572 487 2637 *nostram
520 2571 643 2656 magnis
677 2569 916 2636 difficultatibus
954 2569 1161 2636 involvamus:
1199 2587 1270 2633 nam
1305 2583 1382 2649 quae

144 2678 231 2745 nobis
264 2677 336 2742 bine
368 2675 552 2742 immineant
584 2673 778 2744 incommoda
811 2675 842 2738 et
875 2673 1029 2755 pericrda,
1063 2671 1230 2742 Sanctiteti
1254 2670 1382 2735 Vestrae
1444 2697 1448 2720 ι

143 2781 249 2866 paucis
271 2781 490 2846 declarandum
512 2797 578 2845 esse
600 2779 784 2844 censuimus.

246 2884 414 2949 Nacbdem-
423 2882 541 2950 sodann
555 2874 663 2952 betont
678 2883 811 2960 worden,
835 2882 905 2948 dass
919 2881 989 2948 eine
1003 2878 1383 2963 schcnungsloscburch-

143 2989 279 3072 tdhrung
301 2988 356 3056 der
377 2987 578 3072 berdgliehen
600 2987 731 3052 Decrete
762 2987 794 3052 16
822 2987 907 3066 dem,
940 3004 998 3053 ron
1020 2983 1219 3050 Dissidentcn
1248 2983 1383 3048 beunru-

144 3092 253 3176 bigten
275 3091 394 3169 Laude,
424 3091 528 3157 diesen
556 3109 613 3156 nur
644 3094 692 3156 ein
720 3091 925 3156 erwdnsehtes
947 3087 1053 3154 Mittel
1082 3105 1120 3152 au
1143 3103 1241 3151 neuen
1262 3085 1382 3150 Machi-

111 3257 114 3270 ,
145 3195 289 3260 66116666
311 3213 412 3280 gegan
444 3194 494 3258 die
524 3193 717 3259 katholisehe
738 3194 854 3260 Kirebe
884 3193 987 3258 bieten
1008 3189 1127 3270 wdrde,
1158 3189 1256 3254 heisst
1278 3207 1310 3254 es
1332 3207 1381 3252 arn

145 3299 289 3364 Scblusse
312 3299 410 3365 dieser
437 3298 636 3384 Vorstellung
657 3299 815 3365 wortlich:

248 3403 454 3486 Agnoscimus
476 3403 628 3488 equidem,
652 3405 684 3470 et
707 3405 742 3469 ut
764 3403 837 3467 filiis
860 3400 1073 3467 obedientibus
1097 3419 1152 3484 par
1175 3398 1232 3475 est,
1258 3395 1383 3479 prefite-

148 3527 218 3574 mur
240 3507 341 3572 multa
363 3525 439 3598 esse,
461 3509 516 3572 661
538 3507 640 3591 potius
664 3507 767 3576 omnia
788 3509 819 3572 in
849 3506 903 3572 illo
929 3524 1017 3570 sacro
1047 3507 1136 3570 coetu
1161 3499 1309 3586 (ntmlicb
1332 3501 1389 3564 aui

145 3611 216 3678 dem
246 3609 351 3676 Ocucil
380 3630 439 3676 von
470 3611 591 3694 Trient)
619 3611 819 3680 laudabiliter
849 3610 881 3674 et
908 3609 1023 3693 optime
1051 3607 1214 3686 instituta,
1245 3605 1384 3670 sednon

146 3713 249 3778 omnia
271 3713 320 3776 bis
348 3713 479 3797 perditis
505 3715 694 3799 temporibus
725 3713 837 3779 nostris
860 3711 1019 3797 expedire:
1034 3785 1036 3787 ,
1049 3730 1122 3776 nam
1148 3708 1234 3776 baud
1260 3707 1384 3785 scimus,

146 3816 372 3898 utaliquando
395 3817 458 3882 tale
480 3817 576 3883 fuerit
598 3819 736 3902 tempus‘,
767 3837 827 3902 quo
856 3817 986 3882 sortasse
1008 3815 1112 3881 minus
1134 3813 1302 3899 expedierit
1323 3812 1385 3876 ete-

145 3923 231 3990 61666
251 3919 386 4004 spoliari
407 3921 578 4005 beneficiis,
614 3941 741 4006 quorum
777 3922 897 3988 fructus
930 3921 1045 4007 partim
1079 3921 1154 3986 belli
1184 3938 1220 3984 ac
1247 3917 1383 3982 militum

145 4025 271 4109 rapinis,
294 4025 408 4108 partim
431 4026 527 4091 etiam
548 4027 775 4092 baereticorum
805 4026 838 4091 in
865 4045 920 4092 nos
948 4028 980 4092 et
1008 4027 1147 4092 nostrum
1175 4022 1315 4088 ordinem
1337 4022 1386 4088 su·

146 4130 287 4198 rantibus
306 4130 383 4196 odiis
405 4131 452 4196 ita
474 4133 547 4196 sunt
570 4131 652 4214 apud
675 4149 729 4194 nce
752 4130 907 4198 attenuati
929 4131 962 4194 et
983 4129 1151 4207 imminuti,
1174 4128 1211 4191 ut
1229 4125 1279 4190 vix
1295 4145 1386 4208 aegre

118 4311 119 4316 ,
147 4234 244 4301 uitam
267 4235 441 4300 sustentare
463 4234 591 4317 possint,
616 4233 663 4299 rel
687 4233 713 4298 si
736 4234 855 4316 aliquot
877 4233 1050 4299 sacerdotia
1072 4231 1267 4315 possideant,
1292 4230 1385 4294 etiam

86 4365 89 4370 ·
148 4338 242 4418 talia,
275 4357 405 4421 querum
437 4358 531 4402 unum
575 4340 666 4404 antea
698 4338 826 4403 honesto
865 4338 960 4403 victui
995 4336 1161 4402 sacerdotis
1195 4335 1271 4398 satis
1309 4335 1386 4398 erat.

147 4443 239 4508 Diese
272 4443 380 4508 Wortc
414 4461 491 4519 666,
524 4442 556 4537 16
590 4439 914 4526 Zusammenstellung
942 4440 1002 4505 mit
1032 4439 1108 4516 den,
1143 4455 1200 4503 von
1231 4436 1387 4503 Bandtkie

147 4547 245 4614 solbet
273 4546 400 4614 citirten
430 4545 505 4614 auci
534 4545 774 4634 Hauptstucken
804 4544 858 4614 der
881 4543 1072 4614 Piotrlrouer
1098 4540 1394 4628 Provincialsyuoda
