<?xml version="1.0" encoding="UTF-8"?>
<!DOCTYPE html PUBLIC "-//W3C//DTD XHTML 1.0 Transitional//EN"
    "http://www.w3.org/TR/xhtml1/DTD/xhtml1-transitional.dtd">
<html xmlns="http://www.w3.org/1999/xhtml" xml:lang="en" lang="en">
 <head>
  <title>
</title>
<meta http-equiv="Content-Type" content="text/html;charset=utf-8" />
  <meta name='ocr-system' content='tesseract 3.04.00' />
  <meta name='ocr-capabilities' content='ocr_page ocr_carea ocr_par ocr_line ocrx_word'/>
</head>
<body>
  <div class='ocr_page' id='page_1' title='image "./archivfrkatholi27jurigoog_0323.png"; bbox 0 0 3138 4956; ppageno 0'>
   <div class='ocr_carea' id='block_1_1' title="bbox 355 160 1393 264">
    <p class='ocr_par' dir='ltr' id='par_1_1' title="bbox 355 160 1393 264">
     <span class='ocr_line' id='line_1_1' title="bbox 355 160 1393 264; baseline -0.009 -8"><span class='ocrx_word' id='word_1_1' title='bbox 355 203 395 256; x_wconf 80' lang='lat' dir='ltr'>lto</span> <span class='ocrx_word' id='word_1_2' title='bbox 409 213 480 256; x_wconf 49' lang='lat' dir='ltr'>¹urere</span> <span class='ocrx_word' id='word_1_3' title='bbox 498 202 557 264; x_wconf 76' lang='lat' dir='ltr'>lese</span> <span class='ocrx_word' id='word_1_4' title='bbox 575 199 689 264; x_wconf 75' lang='lat' dir='ltr'>hunger.</span> <span class='ocrx_word' id='word_1_5' title='bbox 707 206 731 251; x_wconf 83' lang='lat' dir='ltr'>r.</span> <span class='ocrx_word' id='word_1_6' title='bbox 754 197 818 252; x_wconf 76' lang='lat' dir='ltr'>ists</span> <span class='ocrx_word' id='word_1_7' title='bbox 836 160 914 261; x_wconf 66' lang='lat' dir='ltr'>suom</span> <span class='ocrx_word' id='word_1_8' title='bbox 930 197 1011 252; x_wconf 84' lang='lat' dir='ltr'>schol.</span> <span class='ocrx_word' id='word_1_9' title='bbox 1030 198 1183 252; x_wconf 79' lang='lat' dir='ltr'>elementer.</span> <span class='ocrx_word' id='word_1_10' title='bbox 1331 181 1393 248; x_wconf 82' lang='lat'>317</span> 
     </span>
    </p>
   </div>
   <div class='ocr_carea' id='block_1_2' title="bbox 115 367 1395 870">
    <p class='ocr_par' dir='ltr' id='par_1_2' title="bbox 115 367 1395 560">
     <span class='ocr_line' id='line_1_2' title="bbox 115 367 1395 454; baseline -0.001 -16"><span class='ocrx_word' id='word_1_11' title='bbox 115 393 123 413; x_wconf 89' lang='lat'><strong>·</strong></span> <span class='ocrx_word' id='word_1_12' title='bbox 154 373 253 438; x_wconf 88' lang='lat' dir='ltr'>mensi</span> <span class='ocrx_word' id='word_1_13' title='bbox 274 371 388 439; x_wconf 72' lang='lat' dir='ltr'>salens</span> <span class='ocrx_word' id='word_1_14' title='bbox 409 369 576 450; x_wconf 83' lang='lat' dir='ltr'>beneficio,</span> <span class='ocrx_word' id='word_1_15' title='bbox 598 368 679 454; x_wconf 88' lang='lat' dir='ltr'>quod</span> <span class='ocrx_word' id='word_1_16' title='bbox 693 368 892 437; x_wconf 88' lang='lat' dir='ltr'>institutioni</span> <span class='ocrx_word' id='word_1_17' title='bbox 915 367 988 432; x_wconf 84' lang='lat' dir='ltr'>unic</span> <span class='ocrx_word' id='word_1_18' title='bbox 1008 367 1105 445; x_wconf 85' lang='lat' dir='ltr'>inest,</span> <span class='ocrx_word' id='word_1_19' title='bbox 1128 369 1258 452; x_wconf 82' lang='lat' dir='ltr'>privari,</span> <span class='ocrx_word' id='word_1_20' title='bbox 1281 371 1395 454; x_wconf 79' lang='lat' dir='ltr'>privari</span> 
     </span>
     <span class='ocr_line' id='line_1_3' title="bbox 152 471 1225 560; baseline -0.004 -18"><span class='ocrx_word' id='word_1_21' title='bbox 152 495 265 560; x_wconf 83' lang='lat' dir='ltr'>nempe</span> <span class='ocrx_word' id='word_1_22' title='bbox 283 476 407 560; x_wconf 85' lang='lat' dir='ltr'>propria</span> <span class='ocrx_word' id='word_1_23' title='bbox 428 476 493 542; x_wconf 82' lang='lat' dir='ltr'>sire</span> <span class='ocrx_word' id='word_1_24' title='bbox 515 473 606 558; x_wconf 88' lang='lat' dir='ltr'>culpa</span> <span class='ocrx_word' id='word_1_25' title='bbox 629 473 695 538; x_wconf 87' lang='lat' dir='ltr'>sive</span> <span class='ocrx_word' id='word_1_26' title='bbox 715 472 908 557; x_wconf 74' lang='lat' dir='ltr'>negligentia</span> <span class='ocrx_word' id='word_1_27' title='bbox 930 471 1159 554; x_wconf 69' lang='lat' dir='ltr'><strong>pertimescitis.</strong></span> <span class='ocrx_word' id='word_1_28' title='bbox 1222 501 1225 505; x_wconf 93' lang='lat'>·</span> 
     </span>
    </p>

    <p class='ocr_par' dir='ltr' id='par_1_3' title="bbox 152 575 1395 870">
     <span class='ocr_line' id='line_1_4' title="bbox 187 575 1395 662; baseline 0 -16"><span class='ocrx_word' id='word_1_29' title='bbox 187 631 190 635; x_wconf 83' lang='lat'>.</span> <span class='ocrx_word' id='word_1_30' title='bbox 255 579 417 646; x_wconf 89' lang='lat' dir='ltr'>Institutio</span> <span class='ocrx_word' id='word_1_31' title='bbox 440 580 525 645; x_wconf 88' lang='lat' dir='ltr'>certe</span> <span class='ocrx_word' id='word_1_32' title='bbox 545 575 864 662; x_wconf 77' lang='lat' dir='ltr'>religioso-moralis,</span> <span class='ocrx_word' id='word_1_33' title='bbox 886 575 1146 659; x_wconf 86' lang='lat' dir='ltr'>quemadmodum</span> <span class='ocrx_word' id='word_1_34' title='bbox 1169 578 1253 642; x_wconf 86' lang='lat' dir='ltr'>omui</span> <span class='ocrx_word' id='word_1_35' title='bbox 1274 577 1340 646; x_wconf 89' lang='lat' dir='ltr'>loco</span> <span class='ocrx_word' id='word_1_36' title='bbox 1363 583 1395 646; x_wconf 90' lang='lat' dir='ltr'>at</span> 
     </span>
     <span class='ocr_line' id='line_1_5' title="bbox 152 677 1395 768; baseline -0.002 -17"><span class='ocrx_word' id='word_1_37' title='bbox 152 689 307 768; x_wconf 84' lang='lat' dir='ltr'>tempore,</span> <span class='ocrx_word' id='word_1_38' title='bbox 340 684 387 749; x_wconf 91' lang='lat' dir='ltr'>ita</span> <span class='ocrx_word' id='word_1_39' title='bbox 408 683 595 767; x_wconf 86' lang='lat' dir='ltr'>praesertim</span> <span class='ocrx_word' id='word_1_40' title='bbox 612 681 713 765; x_wconf 84' lang='lat' dir='ltr'>quoad</span> <span class='ocrx_word' id='word_1_41' title='bbox 736 680 885 746; x_wconf 87' lang='lat' dir='ltr'>tenellam</span> <span class='ocrx_word' id='word_1_42' title='bbox 908 677 1065 746; x_wconf 74' lang='lat' dir='ltr'><strong>Ecclesiae</strong></span> <span class='ocrx_word' id='word_1_43' title='bbox 1087 679 1209 758; x_wconf 88' lang='lat' dir='ltr'>florem,</span> <span class='ocrx_word' id='word_1_44' title='bbox 1244 699 1305 765; x_wconf 89' lang='lat' dir='ltr'>qno</span> <span class='ocrx_word' id='word_1_45' title='bbox 1328 685 1395 748; x_wconf 87' lang='lat' dir='ltr'>tota</span> 
     </span>
     <span class='ocr_line' id='line_1_6' title="bbox 152 783 1393 870; baseline -0.004 -13"><span class='ocrx_word' id='word_1_46' title='bbox 152 789 215 857; x_wconf 81' lang='lat' dir='ltr'>lose</span> <span class='ocrx_word' id='word_1_47' title='bbox 237 785 399 854; x_wconf 86' lang='lat' dir='ltr'>meliorum</span> <span class='ocrx_word' id='word_1_48' title='bbox 421 789 595 870; x_wconf 83' lang='lat' dir='ltr'>temporum</span> <span class='ocrx_word' id='word_1_49' title='bbox 617 804 686 870; x_wconf 89' lang='lat' dir='ltr'>spes</span> <span class='ocrx_word' id='word_1_50' title='bbox 708 785 866 863; x_wconf 88' lang='lat' dir='ltr'>inuititur,</span> <span class='ocrx_word' id='word_1_51' title='bbox 895 783 995 868; x_wconf 83' lang='lat' dir='ltr'>quoad</span> <span class='ocrx_word' id='word_1_52' title='bbox 1022 783 1139 866; x_wconf 82' lang='lat' dir='ltr'>pubem</span> <span class='ocrx_word' id='word_1_53' title='bbox 1157 784 1281 868; x_wconf 87' lang='lat' dir='ltr'>inquam</span> <span class='ocrx_word' id='word_1_54' title='bbox 1305 787 1393 852; x_wconf 89' lang='lat' dir='ltr'>scho-</span> 
     </span>
    </p>
   </div>
   <div class='ocr_carea' id='block_1_3' title="bbox 16 884 1504 986">
    <p class='ocr_par' dir='ltr' id='par_1_4' title="bbox 16 884 1504 986">
     <span class='ocr_line' id='line_1_7' title="bbox 16 884 1504 986; baseline 0.001 -28"><span class='ocrx_word' id='word_1_55' title='bbox 16 981 17 986; x_wconf 65' lang='lat'>,</span> <span class='ocrx_word' id='word_1_56' title='bbox 152 892 260 971; x_wconf 88' lang='lat' dir='ltr'>larem,</span> <span class='ocrx_word' id='word_1_57' title='bbox 283 891 385 976; x_wconf 90' lang='lat' dir='ltr'>prima</span> <span class='ocrx_word' id='word_1_58' title='bbox 407 893 455 958; x_wconf 88' lang='lat' dir='ltr'>est</span> <span class='ocrx_word' id='word_1_59' title='bbox 477 893 544 957; x_wconf 86' lang='lat' dir='ltr'>tam</span> <span class='ocrx_word' id='word_1_60' title='bbox 565 889 723 968; x_wconf 82' lang='lat' dir='ltr'>utilitate,</span> <span class='ocrx_word' id='word_1_61' title='bbox 745 907 838 973; x_wconf 88' lang='lat' dir='ltr'>quam</span> <span class='ocrx_word' id='word_1_62' title='bbox 862 887 957 954; x_wconf 88' lang='lat' dir='ltr'>etiam</span> <span class='ocrx_word' id='word_1_63' title='bbox 980 884 1152 973; x_wconf 76' lang='lat' dir='ltr'>digndatn,</span> <span class='ocrx_word' id='word_1_64' title='bbox 1173 904 1286 957; x_wconf 38' lang='lat' dir='ltr'>somnes</span> <span class='ocrx_word' id='word_1_65' title='bbox 1316 891 1393 959; x_wconf 81' lang='lat' dir='ltr'>uriae</span> <span class='ocrx_word' id='word_1_66' title='bbox 1500 959 1504 968; x_wconf 79' lang='grc'>,</span> 
     </span>
    </p>
   </div>
   <div class='ocr_carea' id='block_1_4' title="bbox 16 991 1395 1184">
    <p class='ocr_par' dir='ltr' id='par_1_5' title="bbox 16 991 1395 1184">
     <span class='ocr_line' id='line_1_8' title="bbox 16 991 1394 1082; baseline -0.001 -20"><span class='ocrx_word' id='word_1_67' title='bbox 16 1022 27 1082; x_wconf 5' lang='lat' dir='ltr'>g·</span> <span class='ocrx_word' id='word_1_68' title='bbox 152 995 343 1080; x_wconf 81' lang='lat' dir='ltr'>cognitiones</span> <span class='ocrx_word' id='word_1_69' title='bbox 365 1013 521 1080; x_wconf 86' lang='lat' dir='ltr'>superans.</span> <span class='ocrx_word' id='word_1_70' title='bbox 566 991 654 1075; x_wconf 81' lang='lat' dir='ltr'>Quod</span> <span class='ocrx_word' id='word_1_71' title='bbox 683 991 808 1077; x_wconf 89' lang='lat' dir='ltr'>quidem</span> <span class='ocrx_word' id='word_1_72' title='bbox 842 992 938 1058; x_wconf 84' lang='lat' dir='ltr'>etiam</span> <span class='ocrx_word' id='word_1_73' title='bbox 971 991 1037 1071; x_wconf 80' lang='lat' dir='ltr'>lex,</span> <span class='ocrx_word' id='word_1_74' title='bbox 1070 992 1118 1056; x_wconf 42' lang='lat' dir='ltr'>de*</span> <span class='ocrx_word' id='word_1_75' title='bbox 1137 1011 1198 1076; x_wconf 88' lang='lat' dir='ltr'>qua</span> <span class='ocrx_word' id='word_1_76' title='bbox 1230 994 1394 1078; x_wconf 87' lang='lat' dir='ltr'>loquimur,</span> 
     </span>
     <span class='ocr_line' id='line_1_9' title="bbox 16 1093 1395 1184; baseline 0.001 -21"><span class='ocrx_word' id='word_1_77' title='bbox 16 1099 18 1140; x_wconf 65' lang='lat'>³</span> <span class='ocrx_word' id='word_1_78' title='bbox 152 1099 304 1184; x_wconf 87' lang='lat' dir='ltr'>agnoscit,</span> <span class='ocrx_word' id='word_1_79' title='bbox 324 1097 397 1162; x_wconf 90' lang='lat' dir='ltr'>dum</span> <span class='ocrx_word' id='word_1_80' title='bbox 421 1097 501 1164; x_wconf 90' lang='lat' dir='ltr'>banc</span> <span class='ocrx_word' id='word_1_81' title='bbox 522 1097 654 1181; x_wconf 87' lang='lat' dir='ltr'>primam</span> <span class='ocrx_word' id='word_1_82' title='bbox 673 1094 710 1160; x_wconf 90' lang='lat' dir='ltr'>iu</span> <span class='ocrx_word' id='word_1_83' title='bbox 732 1094 838 1173; x_wconf 78' lang='lat' dir='ltr'>ordine</span> <span class='ocrx_word' id='word_1_84' title='bbox 859 1093 962 1179; x_wconf 89' lang='lat' dir='ltr'>ponit,</span> <span class='ocrx_word' id='word_1_85' title='bbox 992 1093 1076 1161; x_wconf 85' lang='lat' dir='ltr'>inter</span> <span class='ocrx_word' id='word_1_86' title='bbox 1102 1096 1214 1162; x_wconf 89' lang='lat' dir='ltr'>omnia.</span> <span class='ocrx_word' id='word_1_87' title='bbox 1227 1098 1260 1162; x_wconf 91' lang='lat' dir='ltr'>in</span> <span class='ocrx_word' id='word_1_88' title='bbox 1282 1099 1395 1166; x_wconf 87' lang='lat' dir='ltr'>scholis</span> 
     </span>
    </p>
   </div>
   <div class='ocr_carea' id='block_1_5' title="bbox 150 1197 1397 2118">
    <p class='ocr_par' dir='ltr' id='par_1_6' title="bbox 150 1197 1397 2118">
     <span class='ocr_line' id='line_1_10' title="bbox 153 1197 1395 1287; baseline 0.001 -19"><span class='ocrx_word' id='word_1_89' title='bbox 153 1201 305 1270; x_wconf 70' lang='lat' dir='ltr'>medenda</span> <span class='ocrx_word' id='word_1_90' title='bbox 319 1203 451 1287; x_wconf 77' lang='lat' dir='ltr'>obJeeta,</span> <span class='ocrx_word' id='word_1_91' title='bbox 472 1199 679 1268; x_wconf 85' lang='lat' dir='ltr'>institutionis</span> <span class='ocrx_word' id='word_1_92' title='bbox 694 1198 867 1266; x_wconf 85' lang='lat' dir='ltr'>materiam.</span> <span class='ocrx_word' id='word_1_93' title='bbox 898 1197 1020 1280; x_wconf 80' lang='lat' dir='ltr'>Quanto</span> <span class='ocrx_word' id='word_1_94' title='bbox 1036 1199 1136 1283; x_wconf 87' lang='lat' dir='ltr'>magio</span> <span class='ocrx_word' id='word_1_95' title='bbox 1150 1199 1240 1280; x_wconf 89' lang='lat' dir='ltr'>hanc,</span> <span class='ocrx_word' id='word_1_96' title='bbox 1264 1202 1395 1286; x_wconf 80' lang='lat' dir='ltr'>huicque</span> 
     </span>
     <span class='ocr_line' id='line_1_11' title="bbox 150 1302 1394 1393; baseline 0 -21"><span class='ocrx_word' id='word_1_97' title='bbox 150 1308 290 1393; x_wconf 81' lang='lat' dir='ltr'>junctam</span> <span class='ocrx_word' id='word_1_98' title='bbox 314 1306 348 1372; x_wconf 89' lang='lat' dir='ltr'>iu</span> <span class='ocrx_word' id='word_1_99' title='bbox 365 1305 526 1372; x_wconf 85' lang='lat' dir='ltr'>catholicis</span> <span class='ocrx_word' id='word_1_100' title='bbox 548 1303 662 1370; x_wconf 88' lang='lat' dir='ltr'>sobolis</span> <span class='ocrx_word' id='word_1_101' title='bbox 682 1322 804 1370; x_wconf 88' lang='lat' dir='ltr'>urorum</span> <span class='ocrx_word' id='word_1_102' title='bbox 826 1302 1030 1386; x_wconf 73' lang='lat' dir='ltr'>disciplinam,</span> <span class='ocrx_word' id='word_1_103' title='bbox 1052 1305 1197 1386; x_wconf 85' lang='lat' dir='ltr'>parentes</span> <span class='ocrx_word' id='word_1_104' title='bbox 1213 1305 1346 1388; x_wconf 85' lang='lat' dir='ltr'>prolium</span> <span class='ocrx_word' id='word_1_105' title='bbox 1360 1305 1394 1372; x_wconf 89' lang='lat' dir='ltr'>iu</span> 
     </span>
     <span class='ocr_line' id='line_1_12' title="bbox 152 1407 1395 1490; baseline -0.002 -13"><span class='ocrx_word' id='word_1_106' title='bbox 152 1410 268 1477; x_wconf 87' lang='lat' dir='ltr'>scholia</span> <span class='ocrx_word' id='word_1_107' title='bbox 286 1408 527 1482; x_wconf 64' lang='lat' dir='ltr'>elementaribus</span> <span class='ocrx_word' id='word_1_108' title='bbox 562 1425 683 1476; x_wconf 89' lang='lat' dir='ltr'>ornnem</span> <span class='ocrx_word' id='word_1_109' title='bbox 717 1408 781 1474; x_wconf 86' lang='lat' dir='ltr'>foro</span> <span class='ocrx_word' id='word_1_110' title='bbox 814 1425 868 1490; x_wconf 84' lang='lat' dir='ltr'>pro</span> <span class='ocrx_word' id='word_1_111' title='bbox 902 1407 971 1472; x_wconf 84' lang='lat' dir='ltr'>tota</span> <span class='ocrx_word' id='word_1_112' title='bbox 1000 1425 1056 1472; x_wconf 84' lang='lat' dir='ltr'>sua</span> <span class='ocrx_word' id='word_1_113' title='bbox 1077 1407 1145 1472; x_wconf 87' lang='lat' dir='ltr'>vita</span> <span class='ocrx_word' id='word_1_114' title='bbox 1166 1407 1339 1474; x_wconf 85' lang='lat' dir='ltr'>doctrimm</span> <span class='ocrx_word' id='word_1_115' title='bbox 1362 1412 1395 1475; x_wconf 91' lang='lat' dir='ltr'>et</span> 
     </span>
     <span class='ocr_line' id='line_1_13' title="bbox 152 1509 1395 1596; baseline 0 -16"><span class='ocrx_word' id='word_1_116' title='bbox 152 1513 388 1580; x_wconf 82' lang='lat' dir='ltr'>instructionem</span> <span class='ocrx_word' id='word_1_117' title='bbox 410 1511 632 1591; x_wconf 75' lang='lat' dir='ltr'>haurientium,</span> <span class='ocrx_word' id='word_1_118' title='bbox 654 1511 788 1596; x_wconf 87' lang='lat' dir='ltr'>primam</span> <span class='ocrx_word' id='word_1_119' title='bbox 809 1512 843 1578; x_wconf 89' lang='lat' dir='ltr'>et</span> <span class='ocrx_word' id='word_1_120' title='bbox 863 1509 1100 1582; x_wconf 83' lang='lat' dir='ltr'>inaestimabilis</span> <span class='ocrx_word' id='word_1_121' title='bbox 1122 1512 1215 1595; x_wconf 88' lang='lat' dir='ltr'>pretii</span> <span class='ocrx_word' id='word_1_122' title='bbox 1238 1531 1321 1592; x_wconf 83' lang='lat' dir='ltr'>esce,</span> <span class='ocrx_word' id='word_1_123' title='bbox 1348 1514 1395 1580; x_wconf 85' lang='lat' dir='ltr'>ia·</span> 
     </span>
     <span class='ocr_line' id='line_1_14' title="bbox 153 1615 1394 1702; baseline 0 -14"><span class='ocrx_word' id='word_1_124' title='bbox 153 1618 214 1689; x_wconf 84' lang='lat' dir='ltr'>teri</span> <span class='ocrx_word' id='word_1_125' title='bbox 236 1618 362 1685; x_wconf 83' lang='lat' dir='ltr'>debent!</span> <span class='ocrx_word' id='word_1_126' title='bbox 386 1616 493 1683; x_wconf 87' lang='lat' dir='ltr'>fideles</span> <span class='ocrx_word' id='word_1_127' title='bbox 514 1618 642 1700; x_wconf 88' lang='lat' dir='ltr'>inquam</span> <span class='ocrx_word' id='word_1_128' title='bbox 665 1615 822 1695; x_wconf 80' lang='lat' dir='ltr'>catholici,</span> <span class='ocrx_word' id='word_1_129' title='bbox 843 1633 945 1700; x_wconf 80' lang='lat' dir='ltr'>quos,</span> <span class='ocrx_word' id='word_1_130' title='bbox 959 1615 987 1682; x_wconf 89' lang='lat' dir='ltr'>si</span> <span class='ocrx_word' id='word_1_131' title='bbox 1007 1617 1087 1684; x_wconf 87' lang='lat' dir='ltr'>tales</span> <span class='ocrx_word' id='word_1_132' title='bbox 1109 1617 1211 1702; x_wconf 83' lang='lat' dir='ltr'>reipsa</span> <span class='ocrx_word' id='word_1_133' title='bbox 1232 1620 1314 1700; x_wconf 88' lang='lat' dir='ltr'>sint,</span> <span class='ocrx_word' id='word_1_134' title='bbox 1333 1637 1394 1688; x_wconf 88' lang='lat' dir='ltr'>nou</span> 
     </span>
     <span class='ocr_line' id='line_1_15' title="bbox 154 1719 1397 1805; baseline 0.002 -16"><span class='ocrx_word' id='word_1_135' title='bbox 154 1724 222 1789; x_wconf 86' lang='lat' dir='ltr'>tarn</span> <span class='ocrx_word' id='word_1_136' title='bbox 245 1720 395 1788; x_wconf 86' lang='lat' dir='ltr'>commodi</span> <span class='ocrx_word' id='word_1_137' title='bbox 415 1720 611 1804; x_wconf 87' lang='lat' dir='ltr'>temporalis,</span> <span class='ocrx_word' id='word_1_138' title='bbox 645 1720 727 1804; x_wconf 91' lang='lat' dir='ltr'>quod</span> <span class='ocrx_word' id='word_1_139' title='bbox 759 1719 823 1788; x_wconf 85' lang='lat' dir='ltr'>fors</span> <span class='ocrx_word' id='word_1_140' title='bbox 851 1719 1045 1796; x_wconf 85' lang='lat' dir='ltr'>abdicatione</span> <span class='ocrx_word' id='word_1_141' title='bbox 1067 1720 1190 1787; x_wconf 89' lang='lat' dir='ltr'>scholae</span> <span class='ocrx_word' id='word_1_142' title='bbox 1211 1724 1397 1805; x_wconf 88' lang='lat' dir='ltr'>parochialis</span> 
     </span>
     <span class='ocr_line' id='line_1_16' title="bbox 154 1825 1396 1910; baseline 0.002 -18"><span class='ocrx_word' id='word_1_143' title='bbox 154 1843 281 1892; x_wconf 51' lang='lat' dir='ltr'>¹erronee</span> <span class='ocrx_word' id='word_1_144' title='bbox 314 1827 454 1909; x_wconf 73' lang='lat' dir='ltr'>speram,</span> <span class='ocrx_word' id='word_1_145' title='bbox 481 1843 580 1910; x_wconf 90' lang='lat' dir='ltr'>quarn</span> <span class='ocrx_word' id='word_1_146' title='bbox 610 1825 715 1909; x_wconf 89' lang='lat' dir='ltr'>potius</span> <span class='ocrx_word' id='word_1_147' title='bbox 735 1827 881 1891; x_wconf 75' lang='lat' dir='ltr'>aeternae</span> <span class='ocrx_word' id='word_1_148' title='bbox 895 1843 994 1903; x_wconf 88' lang='lat' dir='ltr'>suae,</span> <span class='ocrx_word' id='word_1_149' title='bbox 1027 1843 1212 1910; x_wconf 87' lang='lat' dir='ltr'>suorumque</span> <span class='ocrx_word' id='word_1_150' title='bbox 1235 1829 1396 1895; x_wconf 81' lang='lat' dir='ltr'>felicitatis</span> 
     </span>
     <span class='ocr_line' id='line_1_17' title="bbox 154 1927 1396 2014; baseline 0.003 -18"><span class='ocrx_word' id='word_1_151' title='bbox 154 1927 311 1996; x_wconf 65' lang='lat' dir='ltr'>dudiosos</span> <span class='ocrx_word' id='word_1_152' title='bbox 331 1931 452 2013; x_wconf 78' lang='lat' dir='ltr'>oportet</span> <span class='ocrx_word' id='word_1_153' title='bbox 467 1947 548 1996; x_wconf 87' lang='lat' dir='ltr'>esse.</span> <span class='ocrx_word' id='word_1_154' title='bbox 593 1928 737 2014; x_wconf 76' lang='lat' dir='ltr'>Cogitate</span> <span class='ocrx_word' id='word_1_155' title='bbox 759 1928 832 2013; x_wconf 90' lang='lat' dir='ltr'>ipsi,</span> <span class='ocrx_word' id='word_1_156' title='bbox 866 1931 903 1994; x_wconf 89' lang='lat' dir='ltr'>et</span> <span class='ocrx_word' id='word_1_157' title='bbox 930 1927 1051 2014; x_wconf 86' lang='lat' dir='ltr'>populo</span> <span class='ocrx_word' id='word_1_158' title='bbox 1065 1949 1195 2014; x_wconf 85' lang='lat' dir='ltr'>quoquc</span> <span class='ocrx_word' id='word_1_159' title='bbox 1217 1931 1302 1998; x_wconf 85' lang='lat' dir='ltr'>fideli</span> <span class='ocrx_word' id='word_1_160' title='bbox 1324 1933 1396 2000; x_wconf 86' lang='lat' dir='ltr'>date</span> 
     </span>
     <span class='ocr_line' id='line_1_18' title="bbox 155 2033 1396 2118; baseline 0.002 -18"><span class='ocrx_word' id='word_1_161' title='bbox 155 2034 195 2100; x_wconf 90' lang='lat' dir='ltr'>od</span> <span class='ocrx_word' id='word_1_162' title='bbox 217 2033 428 2118; x_wconf 83' lang='lat' dir='ltr'>cogitandum,</span> <span class='ocrx_word' id='word_1_163' title='bbox 454 2033 644 2116; x_wconf 76' lang='lat' dir='ltr'>quantopere</span> <span class='ocrx_word' id='word_1_164' title='bbox 666 2033 786 2111; x_wconf 89' lang='lat' dir='ltr'>cuncti,</span> <span class='ocrx_word' id='word_1_165' title='bbox 809 2033 862 2116; x_wconf 84' lang='lat' dir='ltr'>qui</span> <span class='ocrx_word' id='word_1_166' title='bbox 885 2033 1057 2100; x_wconf 84' lang='lat' dir='ltr'>christiano</span> <span class='ocrx_word' id='word_1_167' title='bbox 1079 2037 1242 2100; x_wconf 86' lang='lat' dir='ltr'>censentur</span> <span class='ocrx_word' id='word_1_168' title='bbox 1264 2038 1396 2117; x_wconf 82' lang='lat' dir='ltr'>nomine,</span> 
     </span>
    </p>
   </div>
   <div class='ocr_carea' id='block_1_6' title="bbox 155 2127 1511 2222">
    <p class='ocr_par' dir='ltr' id='par_1_7' title="bbox 155 2127 1511 2222">
     <span class='ocr_line' id='line_1_19' title="bbox 155 2127 1511 2222; baseline 0.001 -19"><span class='ocrx_word' id='word_1_169' title='bbox 155 2137 392 2222; x_wconf 81' lang='lat' dir='ltr'>obligentur-ad</span> <span class='ocrx_word' id='word_1_170' title='bbox 415 2133 626 2213; x_wconf 84' lang='lat' dir='ltr'>efficiendum,</span> <span class='ocrx_word' id='word_1_171' title='bbox 653 2137 690 2200; x_wconf 91' lang='lat' dir='ltr'>ut</span> <span class='ocrx_word' id='word_1_172' title='bbox 718 2137 864 2202; x_wconf 86' lang='lat' dir='ltr'>salutaris</span> <span class='ocrx_word' id='word_1_173' title='bbox 892 2137 925 2202; x_wconf 91' lang='lat' dir='ltr'>in</span> <span class='ocrx_word' id='word_1_174' title='bbox 948 2135 1145 2203; x_wconf 82' lang='lat' dir='ltr'>eliorurandis</span> <span class='ocrx_word' id='word_1_175' title='bbox 1167 2139 1303 2204; x_wconf 89' lang='lat' dir='ltr'>moribus</span> <span class='ocrx_word' id='word_1_176' title='bbox 1324 2141 1396 2219; x_wconf 83' lang='lat' dir='ltr'>reli·</span> <span class='ocrx_word' id='word_1_177' title='bbox 1507 2127 1511 2136; x_wconf 72' lang='grc'><em>“</em></span> 
     </span>
    </p>
   </div>
   <div class='ocr_carea' id='block_1_7' title="bbox 157 2237 1396 2326">
    <p class='ocr_par' dir='ltr' id='par_1_8' title="bbox 157 2237 1396 2326">
     <span class='ocr_line' id='line_1_20' title="bbox 157 2237 1396 2326; baseline 0.002 -19"><span class='ocrx_word' id='word_1_178' title='bbox 157 2240 259 2326; x_wconf 86' lang='lat' dir='ltr'>giouis</span> <span class='ocrx_word' id='word_1_179' title='bbox 282 2241 313 2306; x_wconf 89' lang='lat' dir='ltr'>ct</span> <span class='ocrx_word' id='word_1_180' title='bbox 335 2238 489 2304; x_wconf 90' lang='lat' dir='ltr'>Ecclesiae</span> <span class='ocrx_word' id='word_1_181' title='bbox 511 2237 661 2316; x_wconf 67' lang='lat' dir='ltr'>indorum</span> <span class='ocrx_word' id='word_1_182' title='bbox 687 2257 779 2322; x_wconf 88' lang='lat' dir='ltr'>quem</span> <span class='ocrx_word' id='word_1_183' title='bbox 802 2240 878 2305; x_wconf 84' lang='lat' dir='ltr'>haec</span> <span class='ocrx_word' id='word_1_184' title='bbox 892 2240 932 2304; x_wconf 85' lang='lat' dir='ltr'>iu</span> <span class='ocrx_word' id='word_1_185' title='bbox 954 2240 1072 2306; x_wconf 89' lang='lat' dir='ltr'>selectu</span> <span class='ocrx_word' id='word_1_186' title='bbox 1093 2241 1396 2326; x_wconf 65' lang='lat' dir='ltr'>magistrorum&#39;li-</span> 
     </span>
    </p>
   </div>
   <div class='ocr_carea' id='block_1_8' title="bbox 16 2341 1397 2425">
    <p class='ocr_par' dir='ltr' id='par_1_9' title="bbox 16 2341 1397 2425">
     <span class='ocr_line' id='line_1_21' title="bbox 16 2341 1397 2425; baseline 0 -11"><span class='ocrx_word' id='word_1_187' title='bbox 16 2389 18 2414; x_wconf 57' lang='lat' dir='ltr'>r</span> <span class='ocrx_word' id='word_1_188' title='bbox 156 2346 281 2411; x_wconf 88' lang='lat' dir='ltr'>bromm</span> <span class='ocrx_word' id='word_1_189' title='bbox 302 2344 395 2421; x_wconf 91' lang='lat' dir='ltr'>item,</span> <span class='ocrx_word' id='word_1_190' title='bbox 417 2343 451 2408; x_wconf 89' lang='lat' dir='ltr'>et</span> <span class='ocrx_word' id='word_1_191' title='bbox 471 2343 613 2410; x_wconf 89' lang='lat' dir='ltr'>univorsa</span> <span class='ocrx_word' id='word_1_192' title='bbox 637 2341 813 2410; x_wconf 87' lang='lat' dir='ltr'>scholarum</span> <span class='ocrx_word' id='word_1_193' title='bbox 836 2344 1070 2410; x_wconf 86' lang='lat' dir='ltr'>elementarium</span> <span class='ocrx_word' id='word_1_194' title='bbox 1093 2344 1337 2425; x_wconf 79' lang='lat' dir='ltr'>coordinatione,</span> <span class='ocrx_word' id='word_1_195' title='bbox 1361 2355 1397 2414; x_wconf 82' lang='lat' dir='ltr'>a&#39;c</span> 
     </span>
    </p>
   </div>
   <div class='ocr_carea' id='block_1_9' title="bbox 63 2446 1469 3259">
    <p class='ocr_par' dir='ltr' id='par_1_10' title="bbox 63 2446 1469 3259">
     <span class='ocr_line' id='line_1_22' title="bbox 156 2446 1469 2534; baseline 0.003 -22"><span class='ocrx_word' id='word_1_196' title='bbox 156 2447 307 2532; x_wconf 79' lang='lat' dir='ltr'>regimine</span> <span class='ocrx_word' id='word_1_197' title='bbox 329 2447 454 2530; x_wconf 74' lang='lat' dir='ltr'>sqdritui</span> <span class='ocrx_word' id='word_1_198' title='bbox 477 2446 599 2513; x_wconf 81' lang='lat' dir='ltr'>divinae</span> <span class='ocrx_word' id='word_1_199' title='bbox 621 2447 702 2532; x_wconf 87' lang='lat' dir='ltr'>legis</span> <span class='ocrx_word' id='word_1_200' title='bbox 716 2447 914 2514; x_wconf 84' lang='lat' dir='ltr'>conformiter</span> <span class='ocrx_word' id='word_1_201' title='bbox 930 2449 1059 2526; x_wconf 83' lang='lat' dir='ltr'>exercet,</span> <span class='ocrx_word' id='word_1_202' title='bbox 1083 2451 1208 2514; x_wconf 87' lang='lat' dir='ltr'>maneat</span> <span class='ocrx_word' id='word_1_203' title='bbox 1228 2449 1398 2534; x_wconf 87' lang='lat' dir='ltr'>integeret</span> <span class='ocrx_word' id='word_1_204' title='bbox 1462 2517 1469 2532; x_wconf 65' lang='lat'>,</span> 
     </span>
     <span class='ocr_line' id='line_1_23' title="bbox 155 2549 1397 2636; baseline 0.002 -18"><span class='ocrx_word' id='word_1_205' title='bbox 155 2570 217 2618; x_wconf 91' lang='lat' dir='ltr'>uon</span> <span class='ocrx_word' id='word_1_206' title='bbox 237 2549 398 2616; x_wconf 87' lang='lat' dir='ltr'>restrictas</span> <span class='ocrx_word' id='word_1_207' title='bbox 420 2551 480 2616; x_wconf 88' lang='lat' dir='ltr'>uisi</span> <span class='ocrx_word' id='word_1_208' title='bbox 501 2569 556 2634; x_wconf 89' lang='lat' dir='ltr'>per</span> <span class='ocrx_word' id='word_1_209' title='bbox 572 2551 722 2630; x_wconf 86' lang='lat' dir='ltr'>consilia,</span> <span class='ocrx_word' id='word_1_210' title='bbox 754 2552 1059 2635; x_wconf 84' lang='lat' dir='ltr'>croperationemque</span> <span class='ocrx_word' id='word_1_211' title='bbox 1082 2553 1218 2636; x_wconf 90' lang='lat' dir='ltr'>ipsorum</span> <span class='ocrx_word' id='word_1_212' title='bbox 1242 2551 1397 2620; x_wconf 71' lang='lat' dir='ltr'>Ecclesiae</span> 
     </span>
     <span class='ocr_line' id='line_1_24' title="bbox 156 2653 1398 2742; baseline -0.001 -16"><span class='ocrx_word' id='word_1_213' title='bbox 156 2655 299 2726; x_wconf 87' lang='lat' dir='ltr'>liliorum.</span> <span class='ocrx_word' id='word_1_214' title='bbox 331 2653 466 2720; x_wconf 82' lang='lat' dir='ltr'>Scholae</span> <span class='ocrx_word' id='word_1_215' title='bbox 482 2673 598 2734; x_wconf 88' lang='lat' dir='ltr'>omnes,</span> <span class='ocrx_word' id='word_1_216' title='bbox 620 2655 674 2722; x_wconf 91' lang='lat' dir='ltr'>scd</span> <span class='ocrx_word' id='word_1_217' title='bbox 691 2655 739 2721; x_wconf 85' lang='lat' dir='ltr'>vol</span> <span class='ocrx_word' id='word_1_218' title='bbox 760 2656 894 2722; x_wconf 84' lang='lat' dir='ltr'>marimo</span> <span class='ocrx_word' id='word_1_219' title='bbox 909 2654 1121 2734; x_wconf 85' lang='lat' dir='ltr'>elementares,</span> <span class='ocrx_word' id='word_1_220' title='bbox 1144 2675 1223 2740; x_wconf 89' lang='lat' dir='ltr'>quae</span> <span class='ocrx_word' id='word_1_221' title='bbox 1238 2659 1398 2742; x_wconf 80' lang='lat' dir='ltr'>eapropter</span> 
     </span>
     <span class='ocr_line' id='line_1_25' title="bbox 63 2757 1397 2844; baseline 0.004 -21"><span class='ocrx_word' id='word_1_222' title='bbox 63 2798 71 2814; x_wconf 83' lang='lat'>·</span> <span class='ocrx_word' id='word_1_223' title='bbox 156 2757 379 2843; x_wconf 83' lang='lat' dir='ltr'>parochialium</span> <span class='ocrx_word' id='word_1_224' title='bbox 401 2759 524 2824; x_wconf 88' lang='lat' dir='ltr'>nomine</span> <span class='ocrx_word' id='word_1_225' title='bbox 546 2759 683 2840; x_wconf 85' lang='lat' dir='ltr'>veniunt,</span> <span class='ocrx_word' id='word_1_226' title='bbox 707 2757 866 2826; x_wconf 75' lang='lat' dir='ltr'>Ecclesiae</span> <span class='ocrx_word' id='word_1_227' title='bbox 881 2758 1067 2825; x_wconf 44' lang='lat' dir='ltr'>Catholicaew</span> <span class='ocrx_word' id='word_1_228' title='bbox 1082 2777 1138 2824; x_wconf 89' lang='lat' dir='ltr'>sua</span> <span class='ocrx_word' id='word_1_229' title='bbox 1161 2759 1274 2830; x_wconf 85' lang='lat' dir='ltr'>debent</span> <span class='ocrx_word' id='word_1_230' title='bbox 1295 2761 1397 2844; x_wconf 90' lang='lat' dir='ltr'>initia,</span> 
     </span>
     <span class='ocr_line' id='line_1_26' title="bbox 141 2861 1398 2950; baseline 0.003 -22"><span class='ocrx_word' id='word_1_231' title='bbox 141 2865 250 2948; x_wconf 61' lang='lat' dir='ltr'>*prout</span> <span class='ocrx_word' id='word_1_232' title='bbox 280 2862 314 2926; x_wconf 91' lang='lat' dir='ltr'>io</span> <span class='ocrx_word' id='word_1_233' title='bbox 335 2861 415 2926; x_wconf 81' lang='lat' dir='ltr'>&#39;aliis</span> <span class='ocrx_word' id='word_1_234' title='bbox 448 2862 664 2945; x_wconf 83' lang='lat' dir='ltr'>pastoralibus</span> <span class='ocrx_word' id='word_1_235' title='bbox 689 2865 767 2928; x_wconf 90' lang='lat' dir='ltr'>meis</span> <span class='ocrx_word' id='word_1_236' title='bbox 788 2862 903 2928; x_wconf 80' lang='lat' dir='ltr'>littaris</span> <span class='ocrx_word' id='word_1_237' title='bbox 926 2861 1077 2946; x_wconf 91' lang='lat' dir='ltr'>copiosius</span> <span class='ocrx_word' id='word_1_238' title='bbox 1099 2863 1283 2947; x_wconf 82' lang='lat' dir='ltr'>invictisque</span> <span class='ocrx_word' id='word_1_239' title='bbox 1304 2885 1398 2950; x_wconf 86' lang='lat' dir='ltr'>argu·</span> 
     </span>
     <span class='ocr_line' id='line_1_27' title="bbox 157 2965 1398 3049; baseline 0.004 -18"><span class='ocrx_word' id='word_1_240' title='bbox 157 2965 271 3032; x_wconf 88' lang='lat' dir='ltr'>mentis</span> <span class='ocrx_word' id='word_1_241' title='bbox 293 2965 567 3049; x_wconf 85' lang='lat' dir='ltr'>comprobavimus.</span> <span class='ocrx_word' id='word_1_242' title='bbox 611 2965 659 3032; x_wconf 80' lang='lat' dir='ltr'>Ab</span> <span class='ocrx_word' id='word_1_243' title='bbox 684 2965 836 3032; x_wconf 84' lang='lat' dir='ltr'>Ecclesiae</span> <span class='ocrx_word' id='word_1_244' title='bbox 857 2966 1036 3032; x_wconf 73' lang='lat' dir='ltr'>Catholicae</span> <span class='ocrx_word' id='word_1_245' title='bbox 1058 2966 1206 3034; x_wconf 78' lang='lat' dir='ltr'>divinitus</span> <span class='ocrx_word' id='word_1_246' title='bbox 1228 2970 1398 3036; x_wconf 86' lang='lat' dir='ltr'>constituto</span> 
     </span>
     <span class='ocr_line' id='line_1_28' title="bbox 158 3065 1399 3156; baseline 0.004 -21"><span class='ocrx_word' id='word_1_247' title='bbox 158 3069 339 3156; x_wconf 67' lang='lat' dir='ltr'>Magister-io</span> <span class='ocrx_word' id='word_1_248' title='bbox 361 3070 486 3136; x_wconf 85' lang='lat' dir='ltr'>avulsae</span> <span class='ocrx_word' id='word_1_249' title='bbox 508 3069 615 3136; x_wconf 85' lang='lat' dir='ltr'>llorere</span> <span class='ocrx_word' id='word_1_250' title='bbox 637 3069 711 3136; x_wconf 88' lang='lat' dir='ltr'>illae</span> <span class='ocrx_word' id='word_1_251' title='bbox 733 3087 793 3136; x_wconf 91' lang='lat' dir='ltr'>non</span> <span class='ocrx_word' id='word_1_252' title='bbox 816 3071 978 3154; x_wconf 70' lang='lat' dir='ltr'>poterantr</span> <span class='ocrx_word' id='word_1_253' title='bbox 1001 3071 1154 3154; x_wconf 86' lang='lat' dir='ltr'>praecisos</span> <span class='ocrx_word' id='word_1_254' title='bbox 1176 3071 1258 3138; x_wconf 77' lang='lat' dir='ltr'>emm</span> <span class='ocrx_word' id='word_1_255' title='bbox 1276 3065 1300 3138; x_wconf 70' lang='lat' dir='ltr'>*a</span> <span class='ocrx_word' id='word_1_256' title='bbox 1323 3074 1399 3154; x_wconf 87' lang='lat' dir='ltr'>vite,</span> 
     </span>
     <span class='ocr_line' id='line_1_29' title="bbox 159 3171 1399 3259; baseline 0.003 -21"><span class='ocrx_word' id='word_1_257' title='bbox 159 3193 236 3258; x_wconf 87' lang='lat' dir='ltr'>quae</span> <span class='ocrx_word' id='word_1_258' title='bbox 258 3171 403 3240; x_wconf 79' lang='lat' dir='ltr'>Christus</span> <span class='ocrx_word' id='word_1_259' title='bbox 425 3175 472 3240; x_wconf 85' lang='lat' dir='ltr'>est</span> <span class='ocrx_word' id='word_1_260' title='bbox 495 3175 620 3256; x_wconf 84' lang='lat' dir='ltr'>(loann.</span> <span class='ocrx_word' id='word_1_261' title='bbox 648 3176 705 3254; x_wconf 84' lang='lat'>15,</span> <span class='ocrx_word' id='word_1_262' title='bbox 729 3176 759 3240; x_wconf 86' lang='lat'>5.</span> <span class='ocrx_word' id='word_1_263' title='bbox 782 3175 825 3259; x_wconf 76' lang='lat'>6.)</span> <span class='ocrx_word' id='word_1_264' title='bbox 847 3175 1001 3259; x_wconf 86' lang='lat' dir='ltr'>palmites</span> <span class='ocrx_word' id='word_1_265' title='bbox 1017 3191 1161 3242; x_wconf 75' lang='lat' dir='ltr'>‘arescere</span> <span class='ocrx_word' id='word_1_266' title='bbox 1193 3177 1399 3245; x_wconf 85' lang='lat' dir='ltr'>necessarium</span> 
     </span>
    </p>
   </div>
   <div class='ocr_carea' id='block_1_10' title="bbox 16 3273 1400 3362">
    <p class='ocr_par' dir='ltr' id='par_1_11' title="bbox 16 3273 1400 3362">
     <span class='ocr_line' id='line_1_30' title="bbox 16 3273 1400 3362; baseline 0.002 -19"><span class='ocrx_word' id='word_1_267' title='bbox 16 3295 18 3322; x_wconf 77' lang='lat'>³</span> <span class='ocrx_word' id='word_1_268' title='bbox 158 3279 215 3357; x_wconf 89' lang='lat' dir='ltr'>est,</span> <span class='ocrx_word' id='word_1_269' title='bbox 231 3295 365 3360; x_wconf 84' lang='lat' dir='ltr'>sorsque</span> <span class='ocrx_word' id='word_1_270' title='bbox 385 3275 461 3344; x_wconf 91' lang='lat' dir='ltr'>haec</span> <span class='ocrx_word' id='word_1_271' title='bbox 483 3277 552 3346; x_wconf 90' lang='lat' dir='ltr'>illos</span> <span class='ocrx_word' id='word_1_272' title='bbox 576 3296 611 3344; x_wconf 90' lang='lat' dir='ltr'>eo</span> <span class='ocrx_word' id='word_1_273' title='bbox 635 3278 749 3344; x_wconf 90' lang='lat' dir='ltr'>certius</span> <span class='ocrx_word' id='word_1_274' title='bbox 771 3273 888 3357; x_wconf 80' lang='lat' dir='ltr'>manet,</span> <span class='ocrx_word' id='word_1_275' title='bbox 910 3294 971 3362; x_wconf 88' lang='lat' dir='ltr'>quo</span> <span class='ocrx_word' id='word_1_276' title='bbox 992 3280 1067 3344; x_wconf 88' lang='lat' dir='ltr'>suut</span> <span class='ocrx_word' id='word_1_277' title='bbox 1087 3280 1266 3346; x_wconf 86' lang='lat' dir='ltr'>teneriores.</span> <span class='ocrx_word' id='word_1_278' title='bbox 1283 3311 1288 3318; x_wconf 90' lang='lat'>·</span> <span class='ocrx_word' id='word_1_279' title='bbox 1305 3280 1400 3348; x_wconf 81' lang='lat' dir='ltr'>Sullo-</span> 
     </span>
    </p>
   </div>
   <div class='ocr_carea' id='block_1_11' title="bbox 68 3381 1400 3763">
    <p class='ocr_par' dir='ltr' id='par_1_12' title="bbox 68 3381 1400 3763">
     <span class='ocr_line' id='line_1_31' title="bbox 68 3381 1398 3466; baseline 0.002 -19"><span class='ocrx_word' id='word_1_280' title='bbox 68 3398 70 3409; x_wconf 61' lang='lat'><strong><em>¹</em></strong></span> <span class='ocrx_word' id='word_1_281' title='bbox 157 3382 207 3461; x_wconf 86' lang='lat' dir='ltr'>lis,</span> <span class='ocrx_word' id='word_1_282' title='bbox 230 3395 309 3465; x_wconf 89' lang='lat' dir='ltr'>quae</span> <span class='ocrx_word' id='word_1_283' title='bbox 331 3382 567 3458; x_wconf 83' lang='lat' dir='ltr'>confessionales</span> <span class='ocrx_word' id='word_1_284' title='bbox 589 3401 656 3448; x_wconf 90' lang='lat' dir='ltr'>esse</span> <span class='ocrx_word' id='word_1_285' title='bbox 678 3383 832 3460; x_wconf 89' lang='lat' dir='ltr'>desinunt,</span> <span class='ocrx_word' id='word_1_286' title='bbox 856 3381 994 3448; x_wconf 75' lang='lat' dir='ltr'>Ecclesia</span> <span class='ocrx_word' id='word_1_287' title='bbox 1015 3402 1105 3466; x_wconf 87' lang='lat' dir='ltr'>opem</span> <span class='ocrx_word' id='word_1_288' title='bbox 1127 3401 1225 3461; x_wconf 88' lang='lat' dir='ltr'>suam,</span> <span class='ocrx_word' id='word_1_289' title='bbox 1252 3386 1284 3448; x_wconf 89' lang='lat' dir='ltr'>et</span> <span class='ocrx_word' id='word_1_290' title='bbox 1306 3384 1398 3450; x_wconf 81' lang='lat' dir='ltr'>boue-</span> 
     </span>
     <span class='ocr_line' id='line_1_32' title="bbox 161 3483 1399 3571; baseline 0.002 -19"><span class='ocrx_word' id='word_1_291' title='bbox 161 3485 242 3562; x_wconf 84' lang='lat' dir='ltr'>licia,</span> <span class='ocrx_word' id='word_1_292' title='bbox 261 3501 344 3567; x_wconf 84' lang='lat' dir='ltr'>qnae</span> <span class='ocrx_word' id='word_1_293' title='bbox 367 3483 509 3567; x_wconf 82' lang='lat' dir='ltr'>plmimia</span> <span class='ocrx_word' id='word_1_294' title='bbox 530 3485 563 3551; x_wconf 90' lang='lat' dir='ltr'>in</span> <span class='ocrx_word' id='word_1_295' title='bbox 584 3485 661 3552; x_wconf 87' lang='lat' dir='ltr'>locis</span> <span class='ocrx_word' id='word_1_296' title='bbox 682 3505 742 3554; x_wconf 90' lang='lat' dir='ltr'>uon</span> <span class='ocrx_word' id='word_1_297' title='bbox 764 3485 886 3554; x_wconf 86' lang='lat' dir='ltr'>modica</span> <span class='ocrx_word' id='word_1_298' title='bbox 906 3489 998 3566; x_wconf 19' lang='lat' dir='ltr'>nsunt,</span> <span class='ocrx_word' id='word_1_299' title='bbox 1024 3487 1091 3571; x_wconf 78' lang='lat' dir='ltr'>jorn</span> <span class='ocrx_word' id='word_1_300' title='bbox 1107 3489 1162 3553; x_wconf 61' lang='lat' dir='ltr'>vrel</span> <span class='ocrx_word' id='word_1_301' title='bbox 1183 3487 1399 3556; x_wconf 76' lang='lat' dir='ltr'>ideo-›subtra-</span> 
     </span>
     <span class='ocr_line' id='line_1_33' title="bbox 160 3587 1400 3676; baseline 0.005 -24"><span class='ocrx_word' id='word_1_302' title='bbox 160 3589 234 3654; x_wconf 90' lang='lat' dir='ltr'>here</span> <span class='ocrx_word' id='word_1_303' title='bbox 255 3588 488 3671; x_wconf 74' lang='lat' dir='ltr'>cogeretur,.ut</span> <span class='ocrx_word' id='word_1_304' title='bbox 509 3587 568 3666; x_wconf 89' lang='lat' dir='ltr'>bis,</span> <span class='ocrx_word' id='word_1_305' title='bbox 592 3589 667 3654; x_wconf 86' lang='lat' dir='ltr'>alibi</span> <span class='ocrx_word' id='word_1_306' title='bbox 688 3589 798 3654; x_wconf 88' lang='lat' dir='ltr'>melius</span> <span class='ocrx_word' id='word_1_307' title='bbox 820 3588 945 3668; x_wconf 86' lang='lat' dir='ltr'>locatis,</span> <span class='ocrx_word' id='word_1_308' title='bbox 973 3590 1086 3671; x_wconf 87' lang='lat' dir='ltr'>damna</span> <span class='ocrx_word' id='word_1_309' title='bbox 1115 3589 1174 3654; x_wconf 91' lang='lat' dir='ltr'>sibi</span> <span class='ocrx_word' id='word_1_310' title='bbox 1199 3590 1289 3656; x_wconf 87' lang='lat' dir='ltr'>illata</span> <span class='ocrx_word' id='word_1_311' title='bbox 1310 3613 1400 3676; x_wconf 69' lang='lat' dir='ltr'>repa»</span> 
     </span>
     <span class='ocr_line' id='line_1_34' title="bbox 160 3691 1399 3763; baseline 0.005 -7"><span class='ocrx_word' id='word_1_312' title='bbox 160 3693 276 3757; x_wconf 88' lang='lat' dir='ltr'>rentur.</span> <span class='ocrx_word' id='word_1_313' title='bbox 300 3691 607 3757; x_wconf 83' lang='lat' dir='ltr'>Proiecto·.intirunm</span> <span class='ocrx_word' id='word_1_314' title='bbox 624 3691 761 3758; x_wconf 85' lang='lat' dir='ltr'>scholam</span> <span class='ocrx_word' id='word_1_315' title='bbox 773 3693 1204 3760; x_wconf 83' lang='lat' dir='ltr'>iuteretEcalesiamuerum</span> <span class='ocrx_word' id='word_1_316' title='bbox 1217 3695 1399 3763; x_wconf 84' lang='lat' dir='ltr'>beneficium</span> 
     </span>
    </p>
   </div>
   <div class='ocr_carea' id='block_1_12' title="bbox 16 3797 1463 3888">
    <p class='ocr_par' dir='ltr' id='par_1_13' title="bbox 16 3797 1463 3888">
     <span class='ocr_line' id='line_1_35' title="bbox 16 3797 1463 3888; baseline -0.001 -20"><span class='ocrx_word' id='word_1_317' title='bbox 16 3851 17 3868; x_wconf 66' lang='lat'>,</span> <span class='ocrx_word' id='word_1_318' title='bbox 160 3797 320 3883; x_wconf 85' lang='lat' dir='ltr'>religionis</span> <span class='ocrx_word' id='word_1_319' title='bbox 341 3799 374 3863; x_wconf 91' lang='lat' dir='ltr'>in</span> <span class='ocrx_word' id='word_1_320' title='bbox 396 3814 517 3866; x_wconf 87' lang='lat' dir='ltr'>omnem</span> <span class='ocrx_word' id='word_1_321' title='bbox 539 3797 775 3866; x_wconf 87' lang='lat' dir='ltr'>institutionem</span> <span class='ocrx_word' id='word_1_322' title='bbox 789 3799 956 3878; x_wconf 79' lang='lat' dir='ltr'>initurum,</span> <span class='ocrx_word' id='word_1_323' title='bbox 977 3799 1215 3884; x_wconf 85' lang='lat' dir='ltr'>scholarumquc</span> <span class='ocrx_word' id='word_1_324' title='bbox 1233 3801 1400 3866; x_wconf 70' lang='lat' dir='ltr'>mnfessia</span> <span class='ocrx_word' id='word_1_325' title='bbox 1461 3883 1463 3888; x_wconf 23' lang='grc' dir='ltr'>Ι</span> 
     </span>
    </p>
   </div>
   <div class='ocr_carea' id='block_1_13' title="bbox 158 3899 1455 4506">
    <p class='ocr_par' dir='ltr' id='par_1_14' title="bbox 158 3899 1455 4506">
     <span class='ocr_line' id='line_1_36' title="bbox 161 3899 1400 3986; baseline 0.002 -20"><span class='ocrx_word' id='word_1_326' title='bbox 161 3901 278 3968; x_wconf 83' lang='lat' dir='ltr'>uallum</span> <span class='ocrx_word' id='word_1_327' title='bbox 311 3900 561 3986; x_wconf 88' lang='lat' dir='ltr'>praecellentiam</span> <span class='ocrx_word' id='word_1_328' title='bbox 596 3901 715 3968; x_wconf 90' lang='lat' dir='ltr'>alienae</span> <span class='ocrx_word' id='word_1_329' title='bbox 748 3921 767 3966; x_wconf 92' lang='lat' dir='ltr'>a</span> <span class='ocrx_word' id='word_1_330' title='bbox 799 3901 861 3969; x_wconf 86' lang='lat' dir='ltr'>fide</span> <span class='ocrx_word' id='word_1_331' title='bbox 895 3899 1057 3968; x_wconf 70' lang='lat' dir='ltr'>catholica</span> <span class='ocrx_word' id='word_1_332' title='bbox 1093 3902 1312 3983; x_wconf 80' lang='lat' dir='ltr'>consessiones,</span> <span class='ocrx_word' id='word_1_333' title='bbox 1345 3921 1400 3986; x_wconf 89' lang='lat' dir='ltr'>pro</span> 
     </span>
     <span class='ocr_line' id='line_1_37' title="bbox 161 4005 1399 4092; baseline 0.003 -24"><span class='ocrx_word' id='word_1_334' title='bbox 161 4005 274 4072; x_wconf 87' lang='lat' dir='ltr'>meritc</span> <span class='ocrx_word' id='word_1_335' title='bbox 295 4007 407 4072; x_wconf 87' lang='lat' dir='ltr'>norunt</span> <span class='ocrx_word' id='word_1_336' title='bbox 430 4005 608 4072; x_wconf 85' lang='lat' dir='ltr'>aestimare!</span> <span class='ocrx_word' id='word_1_337' title='bbox 652 4005 733 4072; x_wconf 81' lang='lat' dir='ltr'>Eae</span> <span class='ocrx_word' id='word_1_338' title='bbox 755 4025 793 4074; x_wconf 92' lang='lat' dir='ltr'>ne</span> <span class='ocrx_word' id='word_1_339' title='bbox 826 4007 969 4092; x_wconf 89' lang='lat' dir='ltr'>cogitant</span> <span class='ocrx_word' id='word_1_340' title='bbox 988 4005 1123 4089; x_wconf 85' lang='lat' dir='ltr'>quidem</span> <span class='ocrx_word' id='word_1_341' title='bbox 1156 4005 1193 4070; x_wconf 90' lang='lat' dir='ltr'>de</span> <span class='ocrx_word' id='word_1_342' title='bbox 1223 4005 1399 4075; x_wconf 84' lang='lat' dir='ltr'>dimissione</span> 
     </span>
     <span class='ocr_line' id='line_1_38' title="bbox 158 4105 1400 4195; baseline 0.004 -23"><span class='ocrx_word' id='word_1_343' title='bbox 158 4107 249 4192; x_wconf 89' lang='lat' dir='ltr'>juris,</span> <span class='ocrx_word' id='word_1_344' title='bbox 268 4108 349 4192; x_wconf 90' lang='lat' dir='ltr'>quod</span> <span class='ocrx_word' id='word_1_345' title='bbox 370 4108 403 4174; x_wconf 92' lang='lat' dir='ltr'>in</span> <span class='ocrx_word' id='word_1_346' title='bbox 424 4105 544 4176; x_wconf 87' lang='lat' dir='ltr'>scholas</span> <span class='ocrx_word' id='word_1_347' title='bbox 565 4125 647 4187; x_wconf 89' lang='lat' dir='ltr'>suas,</span> <span class='ocrx_word' id='word_1_348' title='bbox 671 4129 730 4178; x_wconf 90' lang='lat' dir='ltr'>nou</span> <span class='ocrx_word' id='word_1_349' title='bbox 753 4110 873 4195; x_wconf 81' lang='lat' dir='ltr'>exiguis</span> <span class='ocrx_word' id='word_1_350' title='bbox 895 4112 978 4176; x_wconf 89' lang='lat' dir='ltr'>certe</span> <span class='ocrx_word' id='word_1_351' title='bbox 993 4109 1151 4177; x_wconf 70' lang='lat' dir='ltr'>morificiis</span> <span class='ocrx_word' id='word_1_352' title='bbox 1165 4109 1311 4176; x_wconf 81' lang='lat' dir='ltr'>fundatas</span> <span class='ocrx_word' id='word_1_353' title='bbox 1328 4127 1400 4177; x_wconf 77' lang='lat' dir='ltr'>con</span> 
     </span>
     <span class='ocr_line' id='line_1_39' title="bbox 162 4212 1399 4297; baseline 0.002 -19"><span class='ocrx_word' id='word_1_354' title='bbox 162 4213 359 4294; x_wconf 79' lang='lat' dir='ltr'>servatusque</span> <span class='ocrx_word' id='word_1_355' title='bbox 392 4212 631 4296; x_wconf 82' lang='lat' dir='ltr'>acquisiverunt.</span> <span class='ocrx_word' id='word_1_356' title='bbox 665 4213 794 4282; x_wconf 68' lang='lat' dir='ltr'>arone</span> <span class='ocrx_word' id='word_1_357' title='bbox 826 4213 972 4279; x_wconf 87' lang='lat' dir='ltr'>nimirum</span> <span class='ocrx_word' id='word_1_358' title='bbox 988 4227 990 4232; x_wconf 83' lang='grc'><strong>’</strong></span> <span class='ocrx_word' id='word_1_359' title='bbox 1006 4213 1143 4297; x_wconf 76' lang='lat' dir='ltr'>persuasi</span> <span class='ocrx_word' id='word_1_360' title='bbox 1179 4216 1252 4281; x_wconf 90' lang='lat' dir='ltr'>sunt</span> <span class='ocrx_word' id='word_1_361' title='bbox 1285 4230 1399 4294; x_wconf 90' lang='lat' dir='ltr'>omnes,</span> 
     </span>
     <span class='ocr_line' id='line_1_40' title="bbox 162 4315 1399 4400; baseline 0.002 -19"><span class='ocrx_word' id='word_1_362' title='bbox 162 4315 263 4381; x_wconf 87' lang='lat' dir='ltr'>multo</span> <span class='ocrx_word' id='word_1_363' title='bbox 284 4316 402 4400; x_wconf 88' lang='lat' dir='ltr'>ruajora</span> <span class='ocrx_word' id='word_1_364' title='bbox 424 4333 460 4382; x_wconf 87' lang='lat' dir='ltr'>er</span> <span class='ocrx_word' id='word_1_365' title='bbox 480 4316 767 4387; x_wconf 80' lang='lat' dir='ltr'>confessionalibuo</span> <span class='ocrx_word' id='word_1_366' title='bbox 781 4317 896 4383; x_wconf 90' lang='lat' dir='ltr'>scholis</span> <span class='ocrx_word' id='word_1_367' title='bbox 915 4317 957 4382; x_wconf 82' lang='lat' dir='ltr'>:in</span> <span class='ocrx_word' id='word_1_368' title='bbox 986 4335 1052 4382; x_wconf 88' lang='lat' dir='ltr'>rem</span> <span class='ocrx_word' id='word_1_369' title='bbox 1081 4327 1169 4383; x_wconf 86' lang='lat' dir='ltr'>suam</span> <span class='ocrx_word' id='word_1_370' title='bbox 1197 4335 1399 4398; x_wconf 75' lang='lat' dir='ltr'>communem</span> 
     </span>
     <span class='ocr_line' id='line_1_41' title="bbox 162 4418 1455 4506; baseline 0.002 -24"><span class='ocrx_word' id='word_1_371' title='bbox 162 4433 237 4483; x_wconf 89' lang='lat' dir='ltr'>suae</span> <span class='ocrx_word' id='word_1_372' title='bbox 262 4418 443 4501; x_wconf 85' lang='lat' dir='ltr'>praesertim</span> <span class='ocrx_word' id='word_1_373' title='bbox 476 4420 634 4504; x_wconf 87' lang='lat' dir='ltr'>religionis</span> <span class='ocrx_word' id='word_1_374' title='bbox 666 4431 848 4504; x_wconf 83' lang='lat' dir='ltr'>promanare</span> <span class='ocrx_word' id='word_1_375' title='bbox 879 4419 1102 4501; x_wconf 83' lang='lat' dir='ltr'>emolumenta,</span> <span class='ocrx_word' id='word_1_376' title='bbox 1134 4441 1228 4506; x_wconf 85' lang='lat' dir='ltr'>quam</span> <span class='ocrx_word' id='word_1_377' title='bbox 1252 4418 1297 4488; x_wconf 66' lang='lat' dir='ltr'>,nt</span> <span class='ocrx_word' id='word_1_378' title='bbox 1323 4421 1400 4486; x_wconf 90' lang='lat' dir='ltr'>haec</span> <span class='ocrx_word' id='word_1_379' title='bbox 1452 4493 1455 4498; x_wconf 80' lang='lat'>.</span> 
     </span>
    </p>
   </div>
   <div class='ocr_carea' id='block_1_14' title="bbox 162 4520 1399 4610">
    <p class='ocr_par' dir='ltr' id='par_1_15' title="bbox 162 4520 1399 4610">
     <span class='ocr_line' id='line_1_42' title="bbox 162 4520 1399 4610; baseline 0 -22"><span class='ocrx_word' id='word_1_380' title='bbox 162 4520 235 4588; x_wconf 90' lang='lat' dir='ltr'>ollis</span> <span class='ocrx_word' id='word_1_381' title='bbox 257 4541 311 4606; x_wconf 85' lang='lat' dir='ltr'>per</span> <span class='ocrx_word' id='word_1_382' title='bbox 333 4523 451 4592; x_wconf 86' lang='lat' dir='ltr'>statam</span> <span class='ocrx_word' id='word_1_383' title='bbox 473 4521 596 4589; x_wconf 85' lang='lat' dir='ltr'>civilem</span> <span class='ocrx_word' id='word_1_384' title='bbox 617 4523 762 4609; x_wconf 74' lang='lat' dir='ltr'>pmaudis</span> <span class='ocrx_word' id='word_1_385' title='bbox 784 4523 966 4605; x_wconf 77' lang='lat' dir='ltr'>mmmodis,</span> <span class='ocrx_word' id='word_1_386' title='bbox 999 4525 1055 4591; x_wconf 89' lang='lat' dir='ltr'>aut</span> <span class='ocrx_word' id='word_1_387' title='bbox 1080 4524 1293 4610; x_wconf 89' lang='lat' dir='ltr'>impertiendis</span> <span class='ocrx_word' id='word_1_388' title='bbox 1314 4524 1399 4590; x_wconf 81' lang='lat' dir='ltr'>lavo-</span> 
     </span>
    </p>
   </div>
   <div class='ocr_carea' id='block_1_15' title="bbox 0 0 1583 4956">
    <p class='ocr_par' dir='ltr' id='par_1_16' title="bbox 0 0 1583 4956">
     <span class='ocr_line' id='line_1_43' title="bbox 0 0 1583 4956; baseline 0 0"><span class='ocrx_word' id='word_1_389' title='bbox 0 0 1583 4956; x_wconf 95' lang='lat' dir='ltr'> </span> 
     </span>
    </p>
   </div>
  </div>
 </body>
</html>
