3146 4960
209 165 271 248 126
361 183 581 261 &incentorum
599 185 650 248 llaa
667 186 760 252 erreite
777 187 951 261 immemori
970 191 1176 254 promissore
1194 185 1298 264 (lubi).

197 369 312 434 ¹poribus
340 368 453 421 omnium
481 366 528 420 sibi
556 367 752 424 commissorum
779 335 921 424 umrioen
947 369 1058 424 reddem
1085 371 1222 424 rationem.
1269 373 1351 436 buum
1378 374 1445 428 enim

207 455 307 511 dicente
326 456 447 520 ipostoio
466 455 544 509 Paulo
563 455 595 508 od
614 455 774 512 iimottreum
792 455 946 520 Episcopum
964 454 1107 520 scribente,
1130 457 1229 512 »Nemo
1255 461 1367 514 militans
1392 463 1445 514 iteo

207 543 319 606 irupiimt
336 555 365 593 se
384 541 497 605 negotiis
514 541 705 608 soecularibus,
723 547 751 596 ut
769 543 792 596 ei
811 544 922 608 pieeect,
941 541 980 596 cui
998 555 1028 596 se
1046 544 1183 606 probarit«
1202 542 1243 612 (it.
1258 549 1323 600 ¹iim.
1342 548 1370 612 ii,
1389 549 1443 613 t.);

204 629 324 693 protecto
342 626 465 682 deberent
483 627 613 692 Episcopi,
639 629 665 682 in
692 637 757 694 nuos
784 628 1093 683 incumbit.»sottiettudo
1122 631 1236 684 omniurn
1263 635 1445 688 ecciesimnm«
1552 639 1553 684 i

205 715 249 778 (tt.
268 717 326 770 cor.
343 716 384 779 iii,
402 711 467 780 tu),
486 715 628 781 quibusque
645 725 715 770 »non
734 720 774 768 est
792 727 903 782 aequum
921 715 1103 782 deretinquere
1120 717 1228 771 ¹terbum
1254 721 1297 774 ilei
1308 729 1348 774 'et
1371 723 1444 775 mini·

205 810 290 858 strare
317 804 437 868 mensis«
464 803 548 868 potius
575 813 638 856 uero
664 805 790 860 »omioni
819 809 846 859 et
872 804 1015 858 ministerio
1042 805 1113 858 uerbi
1135 807 1260 860 inuenies
1280 821 1354 864 esses
1376 810 1442 870 (ici.

204 896 291 956 tipost.
310 891 348 946 iii.
359 894 384 945 2.
397 890 444 955 t.),
462 890 498 944 ita
511 889 539 944 io
556 889 675 943 omnibus
692 889 848 946 dioecesium
866 903 972 946 sumum
992 893 1112 946 ordinare
1136 893 1398 960 administrationem,
1417 899 1445 948 ut
1552 893 1553 914 ¹

205 981 273 1033 curis
290 990 378 1032 rerum
397 977 578 1042 temporalium
596 976 665 1030 beud
684 975 759 1030 nimis
777 979 880 1033 distenti
898 979 1032 1033 liberiores
1050 980 1116 1045 sint,
1134 982 1177 1045 qni
1202 984 1352 1037 muneribus
1371 985 1444 1046 spiri·

162 1129 167 1142 ,
204 1067 314 1126 tontibus
331 1077 380 1132 pro
397 1063 541 1118 animarum
559 1064 644 1116 sainte
661 1065 825 1128 procuranda
844 1070 944 1139 temni.

305 1155 383 1207 Juxta
400 1149 540 1205 Tridentini
558 1149 663 1206 concilii
682 1153 869 1216 praescriptum
886 1152 1098 1206 »Examinatores
1117 1155 1222 1219 singuiis
1241 1156 1316 1210 annis
1333 1158 1358 1211 in
1372 1158 1443 1211 dioe-

204 1254 298 1296 cesenu
317 1239 421 1301 synodo
440 1238 473 1290 sb
492 1237 615 1301 Episcopo
634 1237 675 1292 rei
695 1237 750 1303 elus
764 1239 863 1294 vicario
880 1239 913 1292 od
925 1240 1008 1293 minus
1020 1251 1067 1292 ser
1080 1247 1265 1306 proponuntur,
1283 1245 1325 1309 oui
1338 1245 1442 1308 synodo
1552 1249 1553 1308 i

203 1328 366 1384 sotisteciont
393 1331 419 1378 et
445 1323 478 1379 eb
505 1335 536 1377 ea
563 1325 720 1388 probentur«
747 1324 830 1388 (sess
849 1327 932 1380 iiiilit.
958 1327 1287 1390 captiosissimis).
1323 1331 1441 1394 Quemvis
1552 1327 1553 1354 ¹

203 1423 289 1470 autem
309 1413 516 1467 Examinatorutn
535 1423 627 1464 munus
645 1413 677 1465 ud
696 1424 742 1477 eu,
770 1425 836 1479 quae
862 1414 1026 1478 parochiales
1046 1415 1190 1468 concursus
1217 1418 1371 1483 respiciunt,
1399 1421 1441 1484 oui
1550 1437 1551 1478 1

203 1505 273 1556 bisce
292 1503 318 1555 ln
336 1497 474 1566 provinciis
491 1498 560 1551 baud
572 1498 659 1550 adbuc
671 1499 794 1564 obtinent,
813 1501 930 1564 praecise
942 1503 1050 1565 spectet,
1069 1507 1155 1553 tamen
1176 1503 1209 1554 ed
1222 1505 1339 1556 mentina
1354 1507 1442 1566 etiam,
1550 1549 1551 1554 ,

203 1603 270 1657 oure
289 1598 422 1641 serrorum
441 1585 562 1638 tirdlnum
583 1585 748 1639 collationem
774 1587 977 1652 facultatumque
1004 1588 1196 1652 confessiones,
1215 1589 1358 1654 excipiendi
1381 1603 1440 1644 con·

191 1678 346 1738 ,cessionem
364 1675 476 1728 debeent
493 1673 659 1737 praeteriere,
675 1673 734 1736 jure
754 1675 845 1729 merito
865 1675 967 1728 extendi
987 1674 1082 1740 poterit
1106 1688 1153 1729 nec
1171 1687 1224 1730 nun
1242 1677 1270 1726 et
1288 1676 1319 1727 od
1339 1675 1439 1730 Literes
1546 1663 1553 1688 ‘¹

201 1763 395 1820 iestlruonioies
414 1761 568 1826 exerendas,
587 1773 654 1826 quoe
672 1761 796 1827 Episcopo
812 1763 866 1816 ¹siut
883 1763 988 1828 praevie
1007 1764 1157 1818 tradendae.
1193 1763 1258 1818 iiirtc
1269 1764 1441 1817 nominandos
1552 1753 1553 1790 ³

201 1865 260 1905 esse
278 1847 404 1916 eiusmodi
428 1845 623 1900 illuminatores
650 1847 675 1900 in
704 1847 863 1902 dioecesanis
890 1848 1000 1912 synodis
1027 1850 1067 1902 uei
1094 1851 1156 1903 cieri
1181 1851 1352 1904 conuentibus
1380 1863 1439 1904 con·

201 1939 318 1992 suiimus.
354 1935 390 1987 tib
408 1935 572 1987 secerdotum
592 1945 653 1987 uero
673 1934 743 1987 bisce
768 1936 792 1988 in
817 1936 955 2000 provinciis
973 1936 1098 2001 inopium,
1127 1941 1248 2000 poterunt
1271 1937 1348 1990 etiem
1370 1939 1440 1990 inter

201 2029 369 2082 consultores
387 2021 502 2086 Episcopi
522 2020 663 2086 numerari,
681 2022 714 2074 de
733 2021 823 2087 quibus
842 2018 867 2076 ln
887 2023 995 2076 becreto
1013 2024 1142 2088 superiori
1161 2029 1217 2076 erut
1236 2025 1342 2076 mentio.

302 2113 411 2166 uernum
430 2120 462 2162 ex
481 2108 630 2161 eorumdem
649 2109 830 2162 consultorum
843 2121 959 2176 numero,
979 2110 1001 2162 si
1016 2111 1140 2176 Episcopo
1153 2111 1277 2174 uidemur,
1296 2111 1439 2174 seligentur

199 2203 302 2260 iudices
320 2209 464 2260 causarum,
484 2195 525 2260 nui
543 2195 693 2248 sacerdotes
713 2195 826 2249 criminis
845 2197 991 2260 postulatos
1008 2196 1034 2248 in
1049 2197 1130 2262 prima
1143 2197 1262 2249 instantis
1276 2210 1308 2249 cu
1323 2197 1437 2260 Episcopi

200 2289 363 2352 delegatione
379 2283 502 2350 iudicent,
517 2282 591 2346 lutto
610 2285 735 2347 normam,
755 2294 822 2347 nuce
841 2284 866 2334 in
885 2283 995 2336 concilio
1015 2283 1208 2348 provincialis
1227 2285 1346 2338 Eudorici
1369 2298 1437 2338 enno

202 2379 267 2432 liiii
286 2373 452 2428 babituros.
472 2370 538 2423 Sede
556 2370 715 2432 recognitam
734 2369 969 2434 proescmbebatur,
988 2382 1115 2437 quumque
1132 2373 1198 2436 legis
1217 2385 1275 2424 esse
1294 2374 1436 2425 communis

199 2467 317 2522 sictuuni
347 2457 425 2522 buius
451 2456 560 2510 uteoarii
588 2454 692 2508 concilii
718 2457 816 2522 Patres.
862 2453 996 2511 borretum
1023 2463 1109 2520 eutem
1136 2459 1296 2530 praedictum
1326 2464 1365 2510 est
1387 2461 1436 2512 bu-

194 2549 323 2620 rosmodi:

303 2633 487 2697 »Sacerdotem
505 2631 596 2696 ouibus
616 2641 662 2694 per
689 2629 813 2684 urdinorii
840 2631 995 2684 sententium
1022 2631 1158 2684 sacerdotii
1183 2633 1335 2686 exercitium
1359 2633 1436 2686 inter·
1550 2627 1551 2632 ’

198 2729 294 2784 dictum
313 2721 399 2786 tuerit,
418 2721 516 2773 nulium
533 2718 574 2782 jes
593 2719 691 2771 babent
709 2719 741 2770 od
760 2719 975 2772 sustentationem
1001 2720 1033 2771 ob
1058 2733 1089 2772 eo
1113 2721 1265 2784 petendam,
1277 2763 1279 2766 .
1291 2733 1368 2785 quum
1389 2721 1436 2784 ipsi

198 2828 227 2868 se
245 2825 292 2866 suo
310 2813 385 2874 culpe
405 2807 569 2860 missionibus
586 2815 695 2870 opernm
713 2805 824 2859 uerendi
841 2807 975 2870 insopores
986 2807 1159 2860 reddiderint.
1196 2803 1234 2860 ut·
1245 2813 1331 2860 nutem
1351 2809 1433 2860 omnis

199 2912 276 2954 couso
295 2899 460 2972 orrereirrum
479 2891 592 2956 tollatur,
609 2897 718 2945 censent
738 2891 836 2957 intres,
854 2893 958 2945 omnino
977 2895 1109 2957 expedire,
1128 2899 1154 2945 ut
1166 2893 1293 2949 ordinarii
1313 2897 1338 2948 in
1352 2897 1436 2948 crusis

111 2965 119 2979 ¹
198 2983 374 3042 criminalibus
393 2982 544 3035 clericorum
561 2981 608 3031 eut
627 2978 835 3043 presbyterorum
854 2983 959 3031 seruent
977 2984 1073 3031 certem
1099 2979 1186 3043 iudicii
1214 2979 1340 3044 formem,
1369 2994 1436 3047 pune

84 3076 92 3091 “
199 3076 231 3128 ed
259 3074 328 3125 iiiour
356 3081 370 3120 o
399 3066 511 3120 contritio
535 3065 647 3119 Trident.
666 3061 748 3130 (sess.
765 3065 877 3118 iiiiiic.
895 3067 919 3118 o.
938 3065 970 3117 de
988 3065 1117 3126 iieinrm.)
1146 3065 1330 3128 praescriptum
1359 3079 1435 3131 ouem

199 3160 318 3226 proxime
337 3154 459 3218 ueoedct3
477 3153 581 3217 scilicet,
600 3156 628 3204 ut
645 3152 785 3216 Episcopus
803 3163 849 3206 seu
868 3152 923 3216 eius
943 3152 1058 3205 licerius
1076 3151 1205 3214 generatis
1224 3151 1255 3203 de
1274 3145 1351 3214 ipsius
1365 3165 1434 3206 rom·

198 3247 321 3300 missione
340 3244 405 3296 duos
424 3241 537 3305 eiusdem
556 3240 671 3303 Episcopi
690 3241 870 3304 comptiores,
895 3252 943 3297 nec
961 3252 1065 3302 semper
1083 3240 1204 3302 eosdem,
1232 3241 1322 3304 eliget,
1350 3242 1391 3304 oui
1412 3245 1434 3294 ei

199 3335 380 3401 presbyterum
399 3327 511 3382 criminis
531 3328 686 3390 postulatum
703 3326 859 3392 iudicaturo,
878 3339 965 3380 comm
985 3327 1090 3380 Notario
1109 3331 1195 3380 tamen
1219 3327 1297 3390 ipsius
1318 3327 1433 3393 Episcopi

199 3415 329 3475 assistent.
365 3418 552 3468 tinum-eutem
578 3414 612 3466 sit
638 3414 770 3480 utriusque
787 3417 888 3476 uotum,
915 3415 1046 3480 possitque
1074 3416 1140 3467 niter
1158 3409 1281 3479 Episcopo
1301 3417 1435 3469 accedere.

199 3507 294 3572 buodsi
321 3504 398 3557 umbo
425 3503 457 3554 eb
475 3501 599 3565 Episcopo
625 3513 672 3554 seu
698 3500 755 3564 elus
773 3501 873 3555 licerio
894 3502 1024 3556 discordes
1050 3502 1162 3566 iruerint,
1191 3503 1294 3554 tertium
1323 3505 1383 3554 tunc
1403 3515 1434 3554 eu

199 3594 334 3662 praedictis
357 3591 410 3642 suis
430 3588 619 3643 consultoribus
643 3589 699 3652 ipse
724 3589 816 3652 eligat,
836 3593 861 3642 et
883 3590 956 3654 turio
975 3601 1033 3643 eom
1053 3591 1168 3653 portem,
1192 3600 1249 3641 cum
1274 3601 1324 3654 qua
1347 3590 1435 3641 tertius

198 3683 328 3744 conuenit,
346 3691 423 3732 causo
441 3677 601 3730 terminetur.
637 3675 663 3729 si
682 3681 767 3731 eutem
787 3677 930 3741 contigerit,
949 3689 1040 3730 onrnes
1060 3676 1226 3730 consultores
1252 3675 1284 3727 ob
1304 3675 1434 3728 ordinario

199 3773 295 3825 eiectos
313 3768 347 3820 ob
366 3765 425 3829 elus·
439 3753 568 3818 sententia
588 3763 725 3829 dissidere,
749 3768 809 3816 tunc
835 3757 867 3816 od'
887 3765 1110 3830 Metropolitanum
1138 3775 1217 3817 causo
1241 3762 1333 3816 reterri
1350 3763 1435 3825 debet,

199 3860 241 3926 oui
258 3853 443 3910 sententiarum
462 3851 557 3904 motivo
577 3852 706 3914 expendet
724 3855 750 3902 et
766 3850 886 3913 judicium
906 3849 981 3903 ieret.
1018 3850 1123 3913 boando
1145 3854 1232 3902 autern
1252 3849 1367 3914 quaestio
1386 3849 1434 3900 erit

198 3946 232 3998 de
249 3942 352 3995 subdito
371 3937 556 4003 Metropolitum
576 3937 688 3990 criminis
707 3938 851 4002 postulato,
873 3943 899 3990 ei
917 3948 1007 3990 ornnes
1025 3941 1176 3990 ossessores
1196 3936 1382 3999 lietropoliisni
1402 3937 1434 3986 ob

199 4030 255 4094 ejus
273 4025 401 4082 sententie
420 4024 603 4088 dissenserint,
623 4029 682 4076 :tum
706 4024 845 4089 cppeiiotio
867 4023 911 4076 bot
937 4025 968 4075 cd
993 4023 1120 4077 seniorem
1138 4023 1291 4087 Episcopum
1317 4033 1434 4085 compro·

198 4116 348 4181 elucidem,
373 4115 443 4180 culus
467 4111 594 4165 sententia
618 4111 703 4164 burlis
722 4111 785 4174 erit,
809 4109 888 4162 solvis
906 4121 1010 4173 semper
1026 4110 1099 4162 sedis
1118 4108 1281 4172 spostolicae
1299 4106 1435 4171 privilegiis

199 4205 226 4255 et
244 4202 423 4257 admonitore«

207 4311 209 4318 ¹
302 4283 365 4352 Dor
386 4283 457 4350 111.
480 4281 562 4348 i'iioi
583 4281 712 4348 hondelb
731 4281 770 4347 cie
784 4281 935 4363 personis
956 4279 1183 4347 ecclesiasticis.

301 4393 352 4445 ber
368 4391 502 4454 iirsprnng
519 4390 567 4442 der
584 4387 921 4452 Metropolitanvericssung
940 4387 1004 4439 nird
1029 4385 1075 4440 mit
1092 4385 1142 4438 den
1161 4382 1267 4437 Worten
1290 4381 1336 4436 des
1360 4385 1436 4434 unier

199 4479 259 4536 ilem
277 4477 391 4532 torsitce
409 4475 543 4530 iissemeni
562 4473 629 4530 troo
648 4474 838 4538 abgeboltencn
857 4473 958 4528 concils
976 4475 1023 4525 der
1040 4472 1182 4526 iierooiteu
1200 4470 1247 4524 uui
1268 4469 1309 4524 die
1331 4471 1435 4533 aposto·

197 4565 296 4623 lisoben
314 4563 400 4619 zellen
418 4561 470 4617 ond
489 4562 538 4615 den
556 4563 669 4628 usurpo
688 4563 776 4615 ttetms
795 4559 1007 4624 surbrigsiutrrt.
1046 4560 1087 4612 iis
1111 4553 1222 4612 Recole
1247 4555 1302 4610 der
1323 4551 1435 4609 Metro·
