3146 4960
190 183 253 254 lte
377 201 514 280 sara,
525 211 557 266 re
572 206 674 280 rmus
689 207 773 276 erm.
792 207 818 264 n
836 209 921 266 erasa
939 197 1012 266 nnn.
1031 209 1103 268 nnc.
1119 208 1224 265 rmore.

190 380 310 460 tuetur,
335 380 436 468 »quod
458 381 586 453 docente
608 381 639 450 S.
663 379 782 453 Theseu
802 381 848 461 (iu
871 382 901 450 4.
925 381 998 450 dne.
1021 382 1088 467 26¹.)
1109 381 1289 450 institutum
1314 379 1376 448 init
1397 381 1430 448 irr

192 485 329 555 officium
351 487 482 554 naturae
499 485 536 553 in
558 488 645 558 caru
671 486 880 564 innocentiam
907 487 1021 556 deiude
1048 486 1096 554 illi
1125 485 1157 552 in
1186 487 1273 552 statu
1301 487 1430 552 neturus
1478 563 1482 568 ¹

192 593 359 676 corruptos
378 591 521 660 ecdicum
542 591 620 670 tuit,
650 591 687 661 ut
708 592 790 660 esset
806 589 851 659 ,111
880 589 1066 668 remedium
1095 592 1129 658 et
1156 590 1284 656 medem
1306 587 1340 654 in
1361 589 1431 675 lege

192 713 271 762 nove
292 717 312 764 a
334 695 458 764 Christo
481 695 662 764 institutum
683 694 746 764 luit
766 693 799 760 in
820 693 1083 764 caemcntum«
1129 694 1199 760 Hoc
1226 711 1375 778 magnum
1398 693 1431 760 in

192 799 318 867 Christo
339 801 374 884 et
393 800 426 866 in
450 800 588 870 eccleis
607 799 734 883 (liphne.
758 802 789 877 t,
816 800 881 881 12.)
903 798 1094 866 matrimonii
1115 797 1351 866 tenementum
1373 817 1431 882 pn·

191 903 305 973 tissimi
328 905 505 989 aeternique
525 903 639 984 emeris
661 902 844 990 mysterium
866 901 1020 986 exprimit,
1043 922 1105 986 qno
1119 901 1262 968 Christus
1283 901 1431 970 dilectam

191 1008 354 1096 eproprio
375 1007 478 1079 lutere
496 1007 689 1082 eremana
711 1006 871 1090 Sponsum
894 1005 1064 1074 Ecclesium
1085 1023 1210 1092 nerupe,
1232 1026 1293 1074 non
1314 1007 1432 1073 baben-
1522 1087 1527 1092 ,
1564 1003 1566 1008 ’

191 1114 256 1182 tem
278 1112 434 1183 mucelam
455 1131 687 1196 nequerugem
708 1109 913 1196 prosequitur.
957 1109 1086 1194 Itaque,
1107 1129 1147 1178 ne
1167 1129 1188 1178 e
1209 1110 1283 1178 liliis
1304 1110 1432 1178 Sancto-
1564 1181 1566 1188 ,

186 1235 260 1292 rum
284 1215 455 1287 celebretur
483 1215 717 1286 nnbinmuium
738 1230 823 1288 urere
847 1214 1005 1300 gentium,
1037 1233 1117 1300 ques
1149 1215 1295 1301 ignorant
1319 1215 1432 1294 Deum,

192 1321 272 1388 sacri
294 1319 442 1404 Oenones
462 1319 654 1404 beonentius
675 1319 825 1390 sdoesent
846 1317 967 1398 fideles,
997 1320 1114 1403 quanta
1141 1319 1185 1386 sit
1212 1319 1350 1404 ejusdem
1376 1319 1432 1386 Sa·

185 1424 343 1494 ‚cremon
363 1423 514 1510 dignitas,
534 1426 630 1508 etque
652 1425 854 1509 praestantia,
877 1425 914 1492 ut
934 1423 982 1492 ita
1003 1443 1064 1492 non
1078 1424 1247 1492 humanam
1269 1425 1432 1492 comunt

143 1617 145 1624 Ι
191 1528 329 1614 aliqum
352 1547 418 1597 rem
440 1547 475 1596 se
496 1527 627 1613 aggredi
648 1528 844 1606 existiment,
877 1527 932 1596 sed
952 1527 1101 1608 11111111,
1127 1528 1160 1596 in
1182 1547 1243 1613 qne
1263 1527 1432 1614 singularis

192 1633 305 1702 mentis
333 1632 520 1720 integritus,
545 1633 581 1700 et
606 1631 705 1700 animi
730 1632 831 1717 pietus
858 1631 1045 1718 requiritur,
1075 1651 1205 1718 eumque
1235 1631 1363 1698 difficile
1390 1630 1433 1698 sit

195 1737 292 1804 »bono
314 1736 422 1824 peregi
442 1736 537 1815 exitu,
558 1755 638 1820 quse
659 1737 741 1806 malo
762 1737 837 1806 sunt
857 1735 1006 1804 ineboste.
1025 1735 1194 1821 principio«
1219 1737 1299 1820 (can.
1317 1734 1432 1820 princi·

192 1841 284 1926 patus
307 1859 389 1908 caus.
413 1842 441 1906 l.
464 1841 563 1925 9.,1.)
584 1841 729 1912 moneant
752 1840 976 1924 nupturientes,
998 1843 1043 1910 nt.
1055 1840 1290 1910 Sacramentum
1310 1842 1343 1908 et
1364 1859 1433 1926 my-

192 1943 298 2021 steria,
322 1963 401 2028 ques
423 1943 456 2010 irr
477 1944 534 2024 illo
556 1944 722 2022 abduntur,
744 1963 818 2029 pree
840 1945 937 2012 oculis
959 1945 1120 2023 habentes,
1141 1964 1162 2012 e
1183 1945 1317 2029 peccetis
1332 1939 1432 2012 omni·
1565 1915 1566 1922 ἵ

191 2050 251 2115 bns
273 2049 432 2119 emundati
455 2050 578 2136 nuptias
604 2050 777 2128 eelebrent,
810 2067 887 2134 quas
919 2049 953 2116 in
985 2049 1229 2118 sanctificatione
1257 2051 1291 2116 et
1319 2049 1433 2116 honore
1565 2079 1566 2132 3

191 2153 237 2235 (l.
263 2151 370 2218 Thess.
393 2154 424 2233 4,
446 2155 492 2228 4.)
514 2153 673 2220 habendes
693 2173 761 2223 esse
780 2153 820 2222 eb
842 2153 911 2238 ipsa
925 2153 985 2221 lide
999 2154 1174 2222 edocemur.
1218 2153 1375 2238 Imprimis
1393 2153 1433 2218 ad
1565 2205 1566 2208 ,

192 2257 364 2324 doctrinam
385 2257 543 2340 Ecclesiae
565 2255 745 2325 Catholicae
775 2256 814 2324 de
842 2255 947 2324 mittis
976 2257 1184 2326 matrimoniis
1206 2257 1432 2342 proponendam

192 2361 366 2428 omninum
389 2361 465 2438 uelo,
486 2361 629 2446 omnique
651 2380 720 2428 eum
744 2360 895 2446 patientia
917 2361 1099 2429 incumbant
1120 2363 1200 2429 sacri
1215 2361 1372 2442 Curiones,
1396 2363 1433 2429 nt

192 2463 337 2532 fidelibus
359 2465 495 2544 onustat,
525 2464 581 2533 ills
606 2466 646 2542 eb
668 2464 808 2532 Ecclesia
827 2464 989 2534 Gatbolica
1014 2484 1074 2534 non
1104 2466 1283 2551 approbari,
1316 2466 1433 2534 esdad
1565 2449 1566 2452 ¹

192 2569 405 2658 praecauenda
434 2569 579 2656 graviora
611 2570 759 2647 mandale
791 2587 829 2638 eo
861 2570 946 2638 male
975 2570 1098 2638 nonnisi
1118 2570 1261 2650 tolereri;
1282 2573 1319 2638 ut
1339 2570 1433 2656 probe

192 2675 337 2751 tenuent,
360 2673 447 2757 cnjus
469 2674 577 2740 rectus
595 2692 629 2740 se
649 2673 817 2758 participes
843 2674 978 2752 iaciant,
1006 2674 1184 2760 hujusmodi
1211 2675 1335 2760 nuptias
1360 2691 1431 2742 cunr

192 2779 357 2856 violatione
379 2778 572 2852 sanctionum
595 2776 813 2858 canonicarum
835 2777 1040 2857 contrectnri,
1070 2778 1120 2848 eui
1146 2778 1354 2863 periculose,
1383 2779 1432 2843 tn-

193 2885 357 2972 11111111
378 2881 515 2960 sobolem
538 2881 746 2960 committent,
769 2883 802 2958 et
824 2885 904 2966 quus
918 2883 992 2948 sunt
1010 2880 1137 2950 similia.
1168 2882 1217 2948 Ne
1231 2883 1335 2948 111111
1355 2882 1432 2948 base
1564 2929 1565 2934 ,

192 2987 260 3072 ipsa
281 2985 438 3058 institutio
470 2987 578 3069 opleto
610 2987 716 3052 cureat
749 2987 878 3063 ellectu,
912 2985 1069 3055 inculcare
1101 3004 1160 3052 non
1189 2985 1330 3052 desinent
1352 2985 1432 3052 sacri

193 3090 341 3159 Curiones
355 3089 428 3156 fidei
443 3089 608 3156 articulum
631 3089 669 3159 dc
690 3088 870 3160 menduces
891 3089 964 3156 ndei
986 3091 1080 3174 etque
1090 3089 1223 3159 unitatis
1237 3088 1431 3167 necessitate,

192 3195 232 3262 ad
255 3192 498 3278 consequendam
518 3191 661 3258 salutnn.
705 3193 866 3260 umnrtur
892 3192 991 3260 fidelis
1018 3192 1148 3276 populus
1176 3193 1217 3258 nd
1240 3191 1431 3259 catholicum

193 3299 286 3365 fidem
308 3299 400 3382 atque
423 3295 576 3386 unitatem
602 3298 761 3382 tamquam
790 3297 833 3364 ad
860 3296 983 3366 unicam
1012 3296 1124 3366 salum
1152 3297 1235 3364 riam
1263 3295 1433 3368 ardentiori

114 3419 116 3427 ’
193 3421 289 3486 usque
311 3400 414 3467 studio
435 3399 692 3479 custodiendum,
712 3401 806 3484 atquc
831 3402 909 3471 ndoo
935 3399 978 3466 ed
1009 3418 1099 3468 omne
1131 3400 1216 3468 illius
1246 3399 1431 3467 deserendae

192 3505 364 3592 periculum
398 3503 570 3573 uitandum.
626 3503 714 3586 Ques
750 3503 874 3589 quidem
908 3503 1086 3572 (latholiees
1119 3503 1249 3570 unitatis
1282 3503 1433 3570 tenendus
1517 3549 1519 3554 ,

192 3609 380 3694 nascentes,
413 3608 467 3674 ubi
500 3608 596 3677 111111
627 3607 777 3694 impressa
802 3607 836 3676 in
867 3609 987 3676 cunctis
1015 3608 1154 3676 fidelium
1175 3607 1288 3677 animis
1309 3607 1454 3692 ermque,
1562 3623 1563 3702 ᾗ

193 3715 304 3793 delixa,
325 3711 408 3805 baud
431 3713 523 3780 iacile
544 3712 687 3797 deinceps
709 3712 799 3778 irrita
821 3713 914 3782 erunt
934 3713 1064 3792 monite,
1084 3713 1178 3798 utque
1192 3711 1433 3789 adhortationes,
1562 3717 1563 3786 ζ

192 3817 304 3904 quibus
336 3815 432 3902 ipsos
450 3817 590 3884 avertere
623 3816 815 3884 conabuntur
848 3815 959 3896 Cureti
988 3815 1029 3882 ab
1067 3815 1186 3884 idmodi
1217 3815 1432 3885 matrimoniis.
1562 3819 1563 3906 l

195 3922 336 4010 (Gregor.
359 3919 616 3992 xvr.1nBrari
637 3919 713 3989 ddtc
735 3921 787 3988 27.
812 3919 890 4005 ltaji
913 3921 996 3988 1832
1018 3919 1167 4000 dimisso.)
1347 3955 1349 3962 ·

296 4027 383 4110 Ques
405 4045 494 4118 porro
516 4024 556 4093 ud
582 4023 811 4100 observantium
836 4023 1080 4108 prostitutarum
1109 4023 1215 4108 legum
1244 4020 1434 4172 attendenda
1560 4027 1562 4050 ¹

193 4133 276 4212 sunt,
297 4151 334 4198 ex
352 4129 477 4199 illorum
499 4130 643 4220 contextu
663 4127 787 4215 petebrt
796 4129 830 4214 ¹)

296 4233 458 4302 DetnmS
458 4233 596 4327 trigonii,
616 4231 666 4300 die
687 4233 740 4300 30.
762 4230 942 4306 Decembris
967 4232 1058 4298 1868.

1365 4305 1372 4330 1

300 4379 328 4440 l)
194 4345 379 4430 mlle
397 4378 445 4432 dar
462 4376 525 4427 lert
544 4374 681 4435 demrlbsn
695 4363 753 4426 nna
765 4371 849 4425 telier
865 4381 914 4425 nnr
939 4373 963 4424 ln
985 4371 1159 4436 nngrrlsrlrar
1175 4372 1290 4435 spraclre
1315 4371 1436 4434 rerllagl,

194 4445 414 4502 mdesrnnlrden
425 4441 1037 4506 1111111111111111111111111111111111111
1049 4441 1242 4503 Urbersatrnnpr
1255 4437 1434 4492 sersebleben.

193 4515 279 4570 lleber
296 4513 342 4567 dus
359 4525 426 4568 neue
443 4509 630 4584 superiacto
654 4504 933 4578 anbascbrelperets
951 4510 985 4562 lm
1004 4509 1129 4562 nlcbsren
1147 4509 1234 4564 lielte.
