3146 4960
155 177 223 248 lte
269 195 381 264 amor,
401 195 474 266 prm.
493 193 577 262 lions
595 197 628 250 de
646 207 714 252 nors
732 193 790 262 lege
807 195 840 251 de
859 195 1033 252 transitores
1051 208 1114 252 uun
1109 193 1154 250 ad
1171 195 1205 250 al
1222 195 1336 252 maleas

160 389 214 456 por
236 389 268 434 se
290 357 482 436 assumendis
503 368 647 446 testibus,
670 367 792 434 Pastori
814 367 1054 447 insinuabit,et
1023 369 1146 451 ettpos
1171 365 1400 452 quatuordeeim

161 475 242 553 dies,
269 474 318 539 vel
348 474 387 538 ud
416 493 572 538 summum
603 473 675 538 ante
706 473 898 538 effluxumt
884 473 1016 558 triginta
1038 469 1158 536 dierum
1179 491 1266 537 snam
1289 471 1323 536 in
1345 473 1402 537 hoo

160 578 314 664 proposito
347 577 606 661 perseverantiam
641 595 743 640 eoram
779 577 897 642 duobus
930 596 1036 641 rursus
1071 577 1127 640 abs
1157 595 1189 640 se
1220 575 1402 642 adhibendis

161 685 293 752 testibus
318 683 416 748 eidem
440 683 561 748 Pastori
583 681 772 759 declarabit,
803 682 897 766 atque
928 681 966 746 ab
995 681 1049 746 illo
1080 699 1171 770 super
1197 679 1402 774 insinuatione

161 789 313 853 semelae
335 788 449 853 iterum
472 771 554 870 apud
577 805 647 851 eum
670 787 754 852 faeta
777 783 1003 851 testimoniales
1026 783 1149 849 litteras
1171 783 1325 870 requiret,
1350 786 1402 868 qui

161 891 188 957 si
211 890 434 958 testimoniales
467 891 591 956 litteras
624 889 688 954 sive
711 907 803 971 super
826 887 1035 954 insinuatione
1063 889 1180 972 prima,
1214 888 1278 954 sive
1311 908 1402 972 snper

161 995 368 1062 deelaratione
390 996 488 1060 altera
511 995 671 1060 extradere
694 993 806 1072 nollet,
837 991 1060 1064 testimoniales
1090 993 1256 1076 requisitas
1278 1012 1402 1058 exarare

162 1093 212 1163 ad¹
235 1099 333 1164 testes
365 1098 398 1162 in
429 1097 637 1164 insinuatione
678 1097 777 1180 prima
811 1116 847 1160 ao
881 1097 981 1162 altera
1013 1097 1191 1180 praesentes
1223 1096 1401 1180 pertinebit.

162 1203 307 1270 Transire
329 1203 433 1268 voleus
455 1202 561 1266 ambas
584 1202 706 1266 litteras
729 1199 954 1266 testimoniales
977 1199 1116 1265 Puroeho
1145 1199 1318 1277 exhibebit,
1350 1201 1401 1283 qui

160 1305 225 1372 illis
247 1305 364 1375 habitis
385 1305 526 1370 eumdem
551 1304 583 1370 iu
605 1306 706 1370 sinum
728 1304 886 1370 Eoolesiae
909 1303 1099 1370 Catholioae'
1117 1303 1252 1387 recipere
1278 1305 1401 1387 poterit,

161 1410 286 1478 Pastori
318 1409 423 1476 autem
456 1409 624 1476 transitum
657 1409 904 1476 consummatum
938 1427 1004 1474 esse
1035 1407 1233 1491 significabit.
1286 1407 1402 1491 Suapte

160 1513 359 1598 intelligitur,
382 1513 462 1597 quod
486 1513 517 1578 in
532 1513 685 1597 gremium
702 1513 858 1578 Euolesiae
875 1511 1081 1596 cooptandnm
1096 1511 1217 1576 inndei
1232 1512 1264 1577 et
1282 1531 1402 1578 momm

102 1679 105 1684 .
161 1617 359 1702 dogmatibus
381 1618 439 1682 rite
462 1616 648 1682 instructum
672 1635 737 1681 esse
760 1617 908 1700 oporteat.
1388 1637 1391 1646 ’

166 1769 168 1776 ,
264 1721 332 1787 Hae
358 1721 443 1806 ipsae
469 1721 660 1786 mutationes
694 1721 758 1788 sire
788 1720 1030 1786 modificationes
1068 1719 1155 1784 artie.
1185 1721 1215 1784 3.
1247 1738 1274 1785 a.
1310 1720 1401 1786 1844.

161 1823 301 1898 affioiunt
336 1825 433 1890 etiam
456 1824 650 1890 Catholioum
684 1811 812 1908 posthae
846 1824 958 1890 aalide
992 1823 1123 1890 deficere
1150 1824 1322 1902 volentem,
1348 1827 1401 1908 qui

162 1927 364 1992 detectionem
387 1925 470 1992 intra
493 1929 704 2011 quatordecim
728 1927 792 1996 dies
815 1947 1026 1994 nonsummum
1049 1927 1177 2010 poterit,
1201 1928 1309 1994 eadem
1330 1949 1403 1995 eon·

162 2031 338 2098 oerueutem
361 2033 522 2098 Pastorem
546 2034 690 2098 manente
722 2033 910 2118 obligatione
940 2033 1187 2099 consummatam
1200 2032 1362 2098 ,Catholici
1384 2054 1404 2100 a

161 2133 223 2200 fide
245 2134 446 2202 desertionem
471 2136 609 2202 Paroeho
632 2137 791 2202 Catholioo
812 2137 999 2203 notificandi.
1045 2138 1108 2202 Lex
1138 2137 1301 2202 novellaris
1331 2157 1403 2203 eon·

162 2236 302 2304 formiter
324 2241 413 2304 artie.
438 2243 470 2304 3.
496 2241 586 2306 1844.
633 2241 807 2306 Paroehum
827 2241 877 2308 ‘ad
907 2241 1059 2307 exaranda
1085 2241 1124 2308 de
1153 2241 1315 2308 definiente
1342 2243 1402 2309 Oa·

158 2342 276 2422 ,tholioo
298 2345 448 2428 requisita
470 2345 650 2411 testimonia
673 2365 734 2412 non
756 2347 893 2432 obligat;
915 2346 1049 2431 disponit
1073 2347 1164 2426 enim,
1188 2349 1225 2412 ut
1237 2347 1403 2416 Sacerdote

162 2447 340 2514 testimonia
373 2451 533 2515 extradere
567 2449 707 2530 nolente,
738 2451 816 2517 talia
849 2451 943 2516 etiam
965 2471 986 2516 a
1007 2452 1142 2516 testibus
1175 2452 1209 2516 in
1242 2453 1342 2536 prima
1372 2457 1404 2519 et
1446 2517 1456 2532 ,

162 2552 262 2620 altere
290 2552 497 2620 insinuatione
522 2555 737 2644 praesentibus
764 2556 882 2620 exarari
909 2557 1034 2638 queant.
1087 2555 1270 2624 Consultum
1296 2559 1403 2642 itaque

162 2657 210 2720 est
230 2656 432 2726 teneritudini
454 2659 670 2736 eonscientiae,
693 2677 754 2742 qua
770 2659 926 2724 Paroehus
949 2659 1141 2742 prohibetur,
1164 2661 1327 2744 quominus
1349 2663 1404 2729 de-

162 2759 288 2830 feotioui
309 2780 328 2827 a
349 2762 410 2827 fide
433 2781 612 2846 quormque
635 2763 760 2830 demum
783 2762 873 2828 modo
894 2765 1050 2846 cooperari
1072 2764 1223 2831 rideatur.
1319 2799 1321 2809 ·

265 2863 349 2932 Ilum
369 2867 473 2932 antem
487 2867 579 2950 liujus
598 2867 742 2950 politioae
754 2867 834 2952 legis
846 2867 883 2932 de
900 2868 1015 2934 transit
1017 2888 1084 2933 nex
1097 2865 1157 2935 una
1170 2871 1210 2936 ad
1222 2871 1315 2937 aliern
1333 2891 1404 2940 oon·

161 2943 324 3037 fossionem
347 2989 453 3036 reeens
475 2971 558 3037 latae
581 2971 787 3048 meminimus,
810 2991 870 3036 nou
891 2971 1103 3055 possimusV.
1128 2973 1217 3041 Clero
1241 2975 1379 3048 Curato
1370 2993 1404 3042 ιιι

163 3071 342 3137 memoriam
365 3092 425 3137 non
447 3091 589 3139 revocare
610 3075 730 3138 monitu
759 3075 855 3138 saeris
878 3074 1112 3142 Curionibusa
1137 3078 1230 3144 1844
1253 3081 1292 3144 ab
1306 3080 1404 3162 Epis-

160 3176 245 3258 aopis
267 3177 300 3240 in
322 3175 428 3242 eodem
451 3176 572 3258 objeoto
555 3176 719 3259 impert
709 3178 772 3242 ta
803 3179 839 3242 ut
869 3178 1013 3244 nimirum
1047 3168 1179 3248 transire
1201 3182 1364 3249 volentis
1356 3204 1404 3249 rn-

161 3278 368 3344 sinuationem
397 3279 505 3346 sadato
534 3281 566 3344 et
595 3281 635 3346 ad
668 3301 791 3348 ornnem
822 3284 1065 3350 moderationem
1098 3290 1268 3372 composito
1302 3291 1404 3356 animo

20 3425 21 3435 κ
161 3383 332 3466 arripiant,
366 3384 473 3466 prooul
505 3385 589 3450 absit
607 3385 735 3468 quaeris
757 3386 790 3451 in
813 3386 921 3466 illum,
955 3391 1011 3454 aut
1037 3393 1069 3454 in
1092 3392 1330 3472 confessionem,
1364 3394 1403 3460 ad

161 3505 255 3570 quam
286 3486 415 3554 definere
444 3490 552 3572 parat,
587 3489 749 3574 dirigenda
782 3491 978 3574 exprobatio,
1000 3494 1062 3576 ‘qui
1091 3496 1194 3578 potius
1221 3515 1290 3562 eum
1314 3517 1404 3565 man·
1436 3563 1441 3572 ,

160 3589 323 3666 suetudine
341 3592 607 3675 sid-gravissimas
629 3594 809 3660 intentionis
832 3614 905 3660 suae
928 3597 1067 3679 sequelae
1089 3598 1167 3664 serio
1191 3601 1403 3683 expendendas

160 3694 347 3762 redeetatur.
391 3695 459 3762 Neo
485 3696 647 3782 negligant
674 3697 806 3764 Paroehi
835 3699 1045 3778 ooeasionibns
1075 3701 1242 3769 intervallo
1269 3703 1401 3770 duarum

160 3798 210 3866 uel
231 3801 399 3882 respuetire
421 3801 555 3884 quatuor
582 3801 808 3868 hebdomadum
833 3805 1004 3870 oeoursuris
1035 3805 1075 3868 ad
1106 3807 1346 3874 confirmandum
1369 3809 1401 3874 in

159 3903 220 3970 fide
243 3902 409 3974 Catholica-
424 3903 645 3988 parochianum
669 3906 764 3972 talem
785 3909 957 3990 opportune
977 3908 1041 3986 uti;
1064 3911 1113 3978 rel
1135 3911 1268 3978 maxime
1296 3914 1400 3978 autem

159 4006 199 4074 ad
221 4025 311 4074 suam
332 3995 530 4091 fideliumque
552 4027 679 4077 snorum
701 4009 921 4094 obligationem
943 4013 1098 4095 pertinere
1120 4015 1280 4100 reputent,
1309 4016 1373 4082 irat
1359 4017 1401 4083 tri

158 4111 209 4180 rel
230 4113 327 4178 sorori
349 4113 485 4196 gratiam
505 4131 541 4180 ex
564 4113 639 4180 Alto
661 4115 792 4180 assiduis
813 4117 956 4199 preoibns
978 4117 1159 4200 implorare,
1183 4113 1334 4203 sibique·
1324 4121 1401 4205 rpsis

158 4216 246 4285 illam
279 4216 517 4283 eomonnonem
551 4235 704 4297 asserere,
738 4219 818 4304 quod
845 4223 1002 4288 neminem
1028 4239 1064 4286 ex
1091 4222 1172 4302 illis,
1205 4231 1297 4326 quos-
1294 4226 1401 4292 Pater

160 4319 292 4394 Coelest
283 4339 310 4386 rs
332 4319 409 4402 ipsis
428 4319 568 4401 dederat,
590 4321 792 4404 perdiderint
1130 4368 1133 4375 ,

261 4425 305 4495 11.
349 4425 393 4492 Ut
378 4424 577 4493 tnovellaris
597 4425 678 4511 legis
700 4428 787 4493 eirea
800 4429 904 4496 misto
922 4431 1125 4496 matrimonio
1146 4431 1398 4516 dispositionibus

158 4529 480 4620 responderentur
499 4529 582 4598 sueri
596 4528 754 4613 eunome,
774 4533 938 4617 ,sequentia
952 4533 1175 4604 observabunt:
1198 4535 1398 4604 Matrimonia

1563 3773 1564 3850 l

1561 3943 1564 4014 l
