3146 4960
455 253 691 311 uenermunr
712 231 1149 312 miscenoretnnunsneuec
1364 235 1426 305 133

184 443 274 486 eornm
296 445 362 485 unns
380 431 482 484 tacenti
501 429 628 485 Ecclesiae
647 437 836 494 proeponatur,
859 431 884 483 in
903 430 1036 492 synodum
1054 434 1098 485 sui
1123 431 1148 482 in
1166 432 1305 494 specialem
1324 436 1426 484 coetum

183 521 345 582 convenient,
361 523 389 572 ut
408 519 635 582 proponendorum
655 516 791 582 orrotitotes
810 515 945 571 discutiant
966 518 997 568 ad
1011 517 1140 570 immitem
1156 517 1348 580 Quaestionum,
1360 531 1426 582 once

184 609 251 660 trano
269 606 294 658 in
313 618 367 656 rem
387 605 453 667 iupis
472 604 615 666 impressae
635 603 813 667 proesentious
833 603 924 656 titteris
943 609 1117 666 annonantur.
1137 649 1139 652 .

288 692 325 743 iii.
364 693 506 756 Antequam
525 703 587 743 uero
616 691 762 754 praedictus
786 691 929 743 conuentus
957 694 1126 754 convocetur,
1153 692 1184 743 ad
1204 690 1424 754 tronteptscopum

182 781 224 831 eei
241 777 372 829 seniorem
395 778 541 839 procinctae
559 778 710 840 Episcopum
738 789 828 829 eorum
856 779 959 830 nornine
988 779 1211 839 transmittentur.
1239 791 1304 842 quos
1331 773 1426 840 singuii

182 867 315 918 antistites
333 865 555 916 commendandos
574 877 633 914 esse
653 864 805 927 putaverint.

286 951 313 1003 ii.
350 951 490 1014 dualitates
509 950 709 1014 candidatorum
729 950 828 1013 pontice
846 949 872 1002 in
885 954 960 1002 coetu
973 949 1155 1013 Episcoporum
1170 950 1337 1003 discutientur
1350 962 1426 1014 prae·

181 1037 282 1088 sidente
302 1036 496 1101 trcnieptscopo
512 1039 552 1090 uei
573 1036 677 1090 seniore
704 1037 1000 1102 pretiosissimorum
1027 1036 1152 1100 sodragia
1179 1048 1241 1089 vero
1270 1041 1370 1091 secreto
1398 1039 1424 1091 tn

182 1136 274 1177 ornam
293 1123 472 1176 immittentur.
1097 1143 1099 1147 v

286 1212 324 1262 ut.
362 1213 420 1263 icto
441 1209 553 1274 denique
572 1214 713 1262 conuentus
732 1210 764 1261 ad
783 1211 808 1262 S.
828 1212 922 1274 congr.
942 1211 974 1262 de
994 1211 1067 1274 i‘rop.
1089 1211 1149 1264 etde
1172 1212 1204 1264 ab
1230 1211 1425 1276 irciriepiscopo

181 1297 222 1347 uei
241 1297 363 1361 episcopo
383 1298 530 1361 prouinciae
549 1297 651 1349 seniore
670 1296 849 1352 dederentur«

168 1478 170 1487 y
293 1401 347 1453 107.
384 1403 668 1466 sequestrandum,
694 1413 802 1466 quarum
822 1402 917 1454 mentio
937 1403 1046 1456 nabetur
1065 1403 1091 1455 in
1110 1401 1240 1467 proedicto
1258 1401 1381 1465 iiecreto,
1399 1404 1426 1455 et

181 1500 291 1553 unarum
318 1489 384 1541 retio
412 1489 436 1539 in
465 1487 630 1550 designandis
657 1487 816 1551 presbyteris
849 1499 894 1550 pro
921 1487 1044 1550 dignitue
1072 1489 1215 1552 Episcopait
1248 1501 1354 1550 semper
1380 1491 1425 1545 its·

181 1572 265 1626 denda
285 1580 336 1626 est:
632 1625 634 1629 .

286 1662 424 1715 »Nuitones
444 1675 474 1714 ac
493 1661 657 1728 quaestiones
675 1661 744 1714 circo
763 1663 913 1728 sontiates,
932 1675 998 1728 quoe
1017 1665 1179 1716 necessarios
1197 1671 1258 1716 snut
1276 1663 1301 1716 in
1321 1675 1423 1727 promo·

182 1748 271 1800 vendis
290 1749 322 1802 od
343 1749 492 1812 Episcopcie
511 1760 604 1800 munus
623 1760 654 1801 ac
672 1747 831 1810 dignitatern.

252 1852 268 1902 i.
288 1851 395 1912 Nomen,
414 1864 568 1914 cognomen,
587 1854 667 1916 aetas,
688 1851 769 1916 petria
788 1851 931 1906 candidati.

241 1941 266 1992 ti.
287 1939 364 2004 cuius
382 1939 507 1992 dioecesis
525 1937 558 1988 sit
576 1949 607 1991 cc
624 1936 770 2002 provinciae
788 1937 994 1992 ecciesiasticaet

226 2026 266 2077 itt.
284 2027 391 2078 Ubinam
409 2026 500 2078 studiis
520 2024 657 2088 ttreotogiis
676 2027 807 2077 vomuerit
825 2029 850 2077 et
869 2037 920 2091 quo
939 2027 1076 2089 protecto!

227 2113 262 2163 ti.
282 2113 433 2180 ingratius
453 2114 587 2164 essecutus
606 2111 692 2174 tuerit,
713 2113 739 2164 ei
757 2113 840 2175 ouost
949 2117 950 2123 ’

236 2199 262 2250 v.
281 2201 318 2252 in
337 2201 472 2261 professor
490 2199 611 2260 extiterit,
632 2199 657 2250 et
676 2198 747 2263 cuins
767 2199 917 2250 taceturne

224 2287 261 2338 i'i.
280 2289 316 2340 in
336 2291 362 2338 et
380 2287 422 2339 ubi
440 2284 577 2338 missiones
594 2296 684 2337 sacras
702 2285 804 2346 obterit,
820 2288 848 2336 et
866 2296 943 2348 quom
956 2285 982 2336 in
1001 2285 1037 2336 eis
1057 2285 1244 2347 experientiam
1263 2286 1420 2339 obtinueriti

213 2372 261 2424 itti.
279 2373 345 2434 Quot
362 2374 465 2438 tingnas
485 2372 577 2426 catieai
594 2378 620 2425 et
639 2374 720 2437 qnasi

201 2459 262 2512 iiiii.
281 2459 375 2522 ditibus
394 2459 487 2512 oiiiciis
506 2459 539 2512 sii
557 2457 709 2523 perunctus
728 2461 755 2510 et
771 2471 821 2524 quo
840 2460 978 2510 successui

223 2547 261 2598 xt.
281 2546 358 2608 Quom
378 2545 540 2608 prudentium
560 2545 703 2597 exhibuerit
722 2545 747 2597 tn
765 2544 992 2596 detineretionious
1010 2547 1035 2595 et
1053 2545 1146 2609 agendi
1164 2547 1282 2600 rationed

233 2631 264 2701 ii.
283 2636 320 2683 tn
338 2633 369 2684 sit
388 2643 499 2695 corpore
517 2643 611 2696 sanus3
633 2631 716 2696 negt,
736 2632 837 2695 patiens
855 2634 931 2694 atque
956 2631 980 2682 in
999 2630 1222 2685 administratione
1244 2644 1330 2688 rerum
1355 2637 1419 2688 tent·

282 2719 408 2780 porditum
428 2719 561 2770 uersutus!

223 2804 261 2856 iii.
281 2805 368 2858 ittntm
386 2805 420 2856 sit
437 2804 561 2869 propositi
574 2810 660 2865 tenor,
679 2815 712 2856 cn
732 2803 833 2866 ingenio
853 2800 1000 2854 mutabitist

211 2890 260 2942 itii
278 2889 344 2944 Num
370 2891 483 2956 gandeat
512 2892 583 2944 tems
611 2891 768 2954 honestatis,
795 2893 821 2941 et
849 2902 881 2940 au
909 2887 986 2942 inerit
1014 2901 1126 2954 unquam
1151 2890 1177 2944 in
1196 2903 1232 2944 eo
1248 2893 1308 2957 qnid
1327 2900 1417 2948 contra

281 2981 382 3031 mores?

120 3104 122 3108 -
200 3065 259 3118 xut.
279 3068 314 3118 in
333 3065 358 3118 in
377 3064 529 3118 exercendis
548 3063 753 3116 secerdototiinrs
773 3061 865 3115 muniis
884 3063 918 3115 sit
936 3065 1059 3126 attentus,
1077 3064 1235 3126 compositus
1253 3076 1310 3118 cum
1329 3067 1417 3120 aedid-

270 3137 390 3215 'catione
409 3152 570 3205 rubricarum
586 3151 715 3203 studiosus
734 3151 903 3202 otrservatort
1414 3137 1426 3147 ‘

198 3239 257 3291 titt.
276 3241 313 3292 tin
331 3239 429 3303 nroitu,
447 3243 531 3303 gestu,
549 3238 660 3299 incessu,
679 3248 801 3289 sermone
820 3238 925 3302 sitisque
946 3237 1066 3290 omnious
1083 3240 1236 3302 scetiotem
1261 3252 1291 3292 nc
1311 3241 1416 3306 reiigio-

280 3338 339 3378 nem
358 3339 421 3389 prae
439 3339 468 3379 se
485 3327 590 3379 terattc

279 3445 371 3510 Dieso
393 3444 493 3510 vieion
512 3443 770 3527 Besiirnmungon
791 3441 868 3506 fiber
890 3440 940 3507 die
955 3441 1052 3507 Wshi
1072 3441 1127 3508 dor
1140 3442 1285 3511 Bisohdie
1307 3445 1417 3513 diriore

175 3547 263 3614 nieht
294 3549 450 3614 suffoiion.
495 3547 546 3614 Sic
579 3547 648 3612 sind
682 3545 763 3612 nsoh
796 3543 981 3611 roifliohstor
1013 3545 1233 3632 Uoborlegung
1265 3547 1325 3630 mii
1353 3535 1417 3616 don

174 3651 341 3719 Bisohdien
363 3653 546 3730 Amorika’s‚
571 3654 628 3744 ani
646 3649 740 3718 deren
763 3649 953 3736 Vorsohiog,
975 3650 1010 3716 in
1031 3649 1228 3718 Anbetrsohi
1249 3652 1327 3720 oller
1349 3653 1420 3722 dori

173 3757 340 3841 geiionden
363 3757 585 3836 veristtnisse,
606 3756 665 3822 mii
686 3755 874 3838 Bonutzong
896 3752 980 3820 einer
998 3753 1218 3840 langjdhn‘gon
1239 3756 1419 3844 Eriehrnng

174 3861 319 3928 eriossen.
365 3862 442 3928 Wer
462 3861 616 3940 bedenki,
643 3860 714 3926 dass
736 3858 792 3924 dos
816 3877 912 3942 ganzo
943 3857 1114 3925 kirohiioho
1136 3858 1312 3946 Vormdgen
1334 3860 1419 3928 einer

172 3963 304 4030 Didoese
323 3965 381 4030 suf
398 3964 459 4030 den
480 3965 601 4031 Nomen
625 3963 679 4029 des
701 3961 862 4029 Bisohofes
884 3959 1086 4046 eingoirogen
1106 3961 1167 4041 ist,
1190 3961 1262 4028 (loss
1283 3965 1334 4030 oin
1355 3966 1419 4033 sol·

173 4067 255 4146 chor,
278 4068 562 4153 nneingosohrdnkd
576 4067 673 4132 durch
690 4066 740 4131 dio
762 4065 863 4132 vision
886 4064 1044 4130 anderemo
1065 4065 1232 4150 goltendoo
1247 4065 1418 4136 Garantion

172 4190 274 4256 gogon
307 4171 484 4257 mogiiohon
506 4170 719 4249 Missbreuch,
752 4171 785 4234 in
819 4167 1032 4252 ereptioneiie-
1054 4167 1268 4238 Verhdlinisso
1296 4175 1418 4260 gossino

171 4275 235 4340 und
258 4275 455 4342 ihrethoiben
477 4274 537 4342 mit
559 4272 878 4341 aussorordeniIioiren
900 4273 1117 4342 Vollmoohton
1144 4278 1342 4362 angorum
1363 4279 1416 4360 tu,

137 4392 140 4396 ·
171 4378 248 4444 nird
271 4378 321 4444 dio
344 4379 498 4446 iussorsio
520 4378 659 4465 sorgtctt
679 4378 820 4464 dilligere,
843 4377 960 4444 wolohe
981 4376 1031 4444 dio
1050 4377 1167 4446 Kirohe
1187 4379 1238 4447 boi
1257 4380 1313 4448 dor
1329 4380 1417 4448 Ans·

171 4483 252 4549 wohl
274 4502 335 4550 von
357 4484 511 4551 Porsonon
534 4505 572 4550 zu
595 4483 679 4552 einer
700 4502 734 4551 so
758 4482 957 4569 sohnierigon
981 4481 1127 4571 Sieilung
1146 4483 1317 4553 inpendet.
1466 4517 1471 4528 ,

282 4586 348 4653 Dos
370 4586 514 4674 tolgando
536 4588 590 4656 tv.
613 4587 736 4674 Capitol
765 4589 818 4657 des
841 4586 961 4657 dritten
983 4585 1083 4656 'litols
1107 4587 1237 4658 hendelt
1264 4589 1340 4660 iiber
1368 4589 1418 4662 dio
