3118 4966
226 203 339 274 Sturam
359 209 432 276 prim.
451 209 533 274 iluna
552 211 585 264 de
603 222 671 265 nova
689 212 747 276 lege
765 212 798 298 de
816 211 925 267 transitu
943 225 977 266 ex
995 224 1047 266 nnn
1065 213 1097 266 sd
1114 212 1191 267 ntirn
1209 214 1322 268 ronias
1367 191 1429 260 149

190 745 253 828 Ile
265 743 394 826 nevis
410 742 715 846 religiouarlis
729 743 903 844 legibus
917 745 1185 847 Hungaricls
1206 767 1246 830 a
1261 745 1365 830 lass
1385 749 1431 828 et

325 865 505 966 agendis
527 885 756 948 sacrorum
779 866 1021 951 eumenum
1044 867 1165 950 circa
1183 866 1292 951 illas
1400 907 1405 914 ·

191 1044 288 1108 scepsis
302 1044 452 1098 loannes
464 1046 584 1108 sanor,
600 1047 718 1108 princeps
731 1046 941 1110 archiepiscopus
954 1047 1146 1110 strigoniensis,
1165 1049 1261 1110 primas
1275 1047 1430 1112 hungariae.

619 1180 685 1242 (Vgl.
701 1179 822 1228 Archiv
838 1179 906 1240 xxl,
923 1181 988 1242 stt.)

294 1311 381 1378 Duae
403 1311 436 1376 in
458 1310 579 1376 ultimis
600 1311 702 1396 Regni
717 1309 859 1376 Oomitiis
880 1311 965 1378 latae
987 1314 1061 1379 sunt
1080 1314 1176 1398 leges,
1198 1313 1380 1397 religionem
1399 1315 1431 1380 et

190 1415 361 1482 Ecclesiam
388 1415 524 1499 proxime
553 1417 785 1494 concernentes,
815 1435 892 1500 quas
918 1435 1024 1496 nosse,
1054 1419 1088 1483 et
1108 1418 1191 1484 circa
1212 1437 1342 1502 quarum
1364 1437 1431 1484 ma·

190 1519 301 1585 teriam
323 1519 537 1586 incumbentes
558 1518 619 1584 sibi
641 1518 848 1606 obligationes
869 1521 964 1605 probe
986 1522 1091 1588 tenere
1114 1522 1236 1607 oportet
1253 1521 1290 1587 V.
1307 1521 1433 1589 (ilerum

192 1623 351 1691 Curatum.

296 1727 357 1792 bes
379 1745 441 1792 una
464 1725 573 1792 delinit
598 1727 787 1811 reciprocam
812 1727 895 1793 inter
923 1727 1066 1814 legitime
1095 1730 1235 1814 receptas
1263 1729 1297 1795 in
1325 1713 1433 1816 Regno

192 1831 377 1898 christianas
400 1821 604 1897 confessiones
627 1831 829 1911 relationem,
858 1832 906 1898 lex
936 1831 1036 1900 altera
1064 1831 1186 1899 stabilit
1209 1833 1380 1918 judicatum
1399 1833 1434 1899 iu
1490 1860 1495 1866 ·“

190 1935 393 2003 controversis
414 1935 581 2002 mixtorum
602 1937 869 2004 matrimoniorum
890 1937 1000 2004 causis.
1160 1977 1162 1983 .
1327 1993 1332 2000 .

296 2040 357 2106 Lex
378 2040 462 2124 prior
484 2040 620 2124 disponit
641 2041 680 2107 dc
702 2042 842 2107 transitu
868 2061 908 2106 cac
926 2061 992 2107 ooo
1013 2042 1058 2107 od
1078 2041 1179 2107 alium
1199 2041 1432 2123 confessionam,

192 2164 281 2230 porro
303 2144 342 2210 de
362 2143 468 2209 mixtis
490 2144 714 2224 matrimoniis,
735 2144 930 2229 proliumque
952 2164 988 2210 ex
1009 2143 1073 2210 illis
1100 2145 1331 2229 progenitarum
1361 2143 1434 2210 reli·

192 2249 281 2334 giusa
303 2248 501 2328 educatione,
534 2249 611 2317 item
644 2249 683 2316 de
705 2248 868 2316 dominicis
898 2269 933 2316 ac
962 2249 1050 2316 iestis
1082 2249 1208 2327 diebus,
1242 2250 1373 2334 denique
1395 2249 1434 2314 de

192 2350 394 2419 coemeteriis.
428 2351 515 2434 Quae
537 2353 570 2419 in
592 2354 700 2421 eadem
720 2355 791 2440 lege
813 2354 938 2438 insuper
960 2356 1134 2434 occurrunt,
1156 2355 1189 2423 in
1204 2373 1237 2420 se
1252 2355 1337 2422 clara
1350 2356 1433 2433 sunt,

1 2487 2 2513 r
130 2529 139 2544 ἱ
192 2475 249 2522 nec
271 2456 442 2522 uberiorem
465 2457 634 2540 deposcunt
656 2458 899 2543 explicationem.

296 2560 320 2624 Ι.
364 2561 448 2646 Lege
471 2561 619 2628 novelluri
633 2563 784 2629 transitus
798 2582 834 2628 ex
850 2581 912 2630 una
927 2562 966 2629 ad
981 2561 1076 2628 aliam
1091 2561 1310 2628 confessionem
1329 2560 1434 2626 licitus

193 2665 387 2746 declaratur,
419 2665 585 2732 dummodo
619 2666 672 2750 qui
706 2667 800 2732 iidem
833 2668 955 2733 mutare
988 2666 1072 2746 vult,
1106 2666 1260 2733 decimum
1289 2666 1433 2732 octamm

193 2770 306 2837 nubtis
328 2785 442 2836 annum
466 2770 667 2854 superaverit,
688 2790 768 2855 quae
789 2772 876 2837 aetas
897 2771 1033 2839 inomni
1054 2770 1094 2836 ad
1117 2771 1214 2837 aliam
1230 2770 1325 2837 iidem
1346 2772 1433 2836 tran-

192 2874 255 2940 sire
276 2872 418 2958 cupiente
439 2874 617 2957 requiritur,
643 2876 860 2959 praeterquam
881 2875 915 2942 in
937 2893 1027 2941 sexus
1057 2874 1207 2959 sequioris
1235 2874 1347 2959 nuptui
1365 2874 1433 2958 jam

192 2977 320 3044 traditis
340 2978 495 3062 personis,
529 2997 608 3062 quae
638 2977 734 3044 cuam
766 2979 962 3062 praealtacta
994 2979 1098 3050 aemte
1119 2977 1253 3044 minores
1275 2977 1315 3044 ad
1338 2977 1434 3043 aliam

193 3079 411 3148 mutuationem
434 3080 567 3148 transire
589 3082 727 3166 possunt.
1383 3105 1387 3112 ·

296 3183 394 3252 Artic.
424 3185 476 3250 26.
507 3185 598 3251 1790.
630 3186 658 3270 g.
693 3187 742 3251 13.
769 3185 939 3252 transitum
966 3205 986 3252 a
1014 3185 1177 3272 Religiene
1206 3183 1368 3252 (latholica
1393 3183 1434 3250 ad

193 3289 378 3358 maronam
407 3306 444 3354 ex
464 3287 652 3372 evangelicis
679 3290 920 3356 amasionibus
950 3287 1128 3356 Catholicae
1156 3288 1328 3376 Religionis
1349 3288 1434 3372 prin·

193 3391 283 3476 cipiis
303 3391 461 3457 adversari
484 3392 674 3471 enunciavit,
696 3394 789 3477 atque
812 3392 851 3458 ad
874 3391 1103 3476 impediendam
1132 3392 1283 3458 transitus
1308 3391 1435 3458 temeri-

149 3579 152 3586 *
194 3496 293 3564 tatem
315 3493 432 3579 Regiae
453 3493 614 3578 MaJestnti
632 3493 685 3580 jus
705 3495 833 3575 tribuit,
863 3515 896 3562 re
924 3494 1026 3563 adhuc
1048 3495 1187 3582 integra,
1215 3493 1271 3560 fini
1299 3512 1435 3580 congrua

194 3599 296 3666 media
329 3597 506 3668 adhibendi.
558 3599 657 3668 Artic.
690 3603 721 3667 3.
759 3600 851 3667 1844.
884 3599 1059 3666 transitum
1085 3598 1255 3666 faciliorem
1287 3595 1434 3676 reddidit,

194 3703 288 3770 cerus
316 3702 407 3770 illum
435 3701 599 3770 dumtaxat
629 3703 764 3791 alligans
796 3703 1040 3784 conditionibus,
1069 3723 1147 3790 quas
1173 3721 1193 3769 a
1221 3702 1282 3768 fide
1304 3701 1435 3768 deficere

194 3807 332 3878 volentes
354 3806 509 3874 Galbulim
531 3809 693 3876 observare
722 3809 888 3876 debebant.
931 3809 1015 3876 Dum
1037 3830 1054 3876 e
1075 3806 1228 3876 mntrario
1254 3805 1434 3892 livangelici

194 3911 367 3980 imestricta
387 3911 546 3997 pellebant
578 3913 724 3981 libemate
755 3914 789 3980 in
818 3914 1034 3999 amplectenda
1065 3913 1127 4008 lide
1149 3911 1326 3990 catholica,
1359 3911 1435 3995 quin

194 4016 355 4100 quospiam
378 4016 544 4101 apolitica
576 4017 647 4104 lege
679 4018 836 4084 stabibtas
864 4018 1077 4085 solemnitates
1103 4016 1175 4084 autc
1195 4015 1365 4082 transitum
1385 4015 1435 4081 vel

194 4119 384 4186 intransitu
406 4121 611 4190 observandas
633 4121 808 4190 habuerint.
853 4122 1007 4206 Deinceps
1030 4121 1065 4186 in
1090 4119 1249 4204 sequelam
1271 4119 1435 4186 novellaris

194 4224 274 4309 legis
297 4224 463 4292 acatholici
485 4225 525 4292 ad
547 4225 641 4292 fidem
656 4223 851 4292 Catholicam
866 4225 998 4292 transire
1013 4223 1172 4309 cupientes
1185 4223 1295 4289 iisdem
1310 4239 1435 4307 prorsus

195 4327 422 4396 mnditionibus
443 4328 627 4414 respendere
648 4329 814 4412 debebunt,
836 4330 903 4396 siue
924 4329 1037 4414 quibus
1059 4327 1228 4396 (latlrolicis
1250 4326 1344 4394 fidem
1366 4345 1436 4392 mu·

194 4433 265 4498 tare
286 4433 413 4502 mutum
435 4434 493 4502 est.
536 4431 695 4500 Nimirum
713 4434 805 4520 juxta
825 4434 1013 4500 novehsrem
1041 4433 1144 4520 legem
1166 4432 1262 4500 etiam
1284 4429 1437 4500 acatholi-

196 4553 250 4604 cus
272 4551 361 4604 auam
382 4536 423 4606 ad
442 4537 537 4614 fidem
552 4535 745 4608 Catholieam
766 4537 948 4606 bmseuudi
968 4537 1173 4607 intentiunem
1186 4553 1289 4605 coram
1305 4533 1435 4614 duobus,
