3064 4968
96 219 138 286 88
296 235 486 306 Hepamuuru
503 231 553 290 znr
571 231 731 288 Publicxtton
750 235 798 286 des
815 233 990 288 trideotlnum
1008 232 1034 288 tn
1052 235 1138 288 Palen.

200 411 283 491 Quas
306 409 343 476 ob
367 429 415 474 res
438 407 537 474 ooaoti
560 426 666 474 sumus
690 408 762 472 ante
783 407 847 472 tres
870 426 965 471 annos
988 407 1018 472 S.
1040 405 1128 472 Sedis
1143 407 1338 492 Apostolieae
1365 434 1383 450 *

97 516 223 602 ejusque
248 515 404 580 Praesidis
427 513 620 580 sanctissimi
643 511 767 575 Domini
791 510 889 576 nostri
917 511 986 594 piae
1012 511 1177 578 memoriae
1201 513 1251 578 Pii
1273 515 1338 592 IV.,

97 621 130 684 ct
151 639 221 684 mox
243 619 294 683 Pii
317 620 352 684 V.
377 637 465 702 opem
489 619 594 684 nostro
608 619 650 699 yet
672 615 827 680 communi
848 615 947 680 totius
964 614 1045 680 Cleri
1061 615 1248 682 Gnesnensis
1262 619 1340 684 Pro-

98 723 216 788 vinciae
239 723 361 788 nomine
383 723 566 805 implorare:
591 721 624 784 et
645 719 880 802 impetravimus
903 740 922 784 a
944 719 1118 786 Sanctitate
1137 722 1203 805 ejus
1218 723 1339 788 trienne

97 827 306 892 laxamentum
328 827 392 891 sive
414 827 643 908 suspensionem
667 823 877 907 exequuticnis
901 841 1006 888 eorum
1029 824 1237 906 decretorum,
1262 849 1340 910 quae

98 932 142 996 ad
159 931 378 1013 pluralitatem
399 931 646 996 sacerdotiorum
678 934 706 992 at
731 929 937 993 residentium
953 929 1126 1009 pertimet,
1155 931 1286 996 ostensis
1308 933 1341 998 et

98 1035 234 1118 probatis
257 1035 372 1113 causis,
396 1037 519 1117 propter
540 1053 616 1117 quas
638 1033 671 1096 id
693 1032 848 1114 indulgeri
870 1051 931 1096 nan
954 1032 1044 1098 modo
1066 1033 1264 1116 expediebat,
1286 1036 1340 1102 sed

99 1139 319 1223 propemodum
343 1157 466 1204 neeesse
489 1140 565 1203 erat.
610 1137 762 1216 Quoniam
785 1137 889 1202 autem
912 1136 978 1219 ejus
1000 1137 1169 1203 laxamenti
1188 1140 1341 1205 terminus

96 1244 162 1327 jem
185 1243 218 1308 in
240 1242 376 1326 proximo
400 1244 457 1320 est,
480 1243 607 1306 manent
631 1241 724 1323 atque
747 1240 822 1304 adeo
844 1239 946 1324 magis
969 1241 1065 1306 etiam
1079 1243 1193 1326 urgent
1214 1244 1341 1310 eaedem

100 1349 132 1414 et
152 1349 256 1431 plures
284 1346 363 1411 aliae
393 1366 523 1424 causae,
558 1365 612 1410 eur
645 1343 856 1410 laxamentum
887 1345 966 1410 illud
999 1345 1032 1410 in
1064 1345 1186 1430 longius
1219 1349 1362 1431 tempus

99 1451 256 1536 prorogari
279 1452 459 1516 conveniat:
493 1450 701 1534 supplicamus
735 1449 834 1514 denuo
857 1448 1027 1514 Sanctitati
1058 1449 1141 1533 ejus,
1175 1452 1212 1516 ut
1233 1453 1341 1518 eadem

99 1555 293 1640 benignitate
317 1556 350 1620 et
371 1554 566 1639 indulgentia
589 1573 643 1619 nos
668 1552 810 1637 deinceps
834 1553 929 1618 etiam
952 1555 1163 1638 persequatur.

203 1662 232 1725 2.
258 1659 408 1724 Zweitens
439 1657 526 1722 citirt
560 1657 733 1740 Buruyrislxi
761 1657 916 1734 mettere,
948 1657 980 1720 in
1011 1657 1064 1722 der
1094 1658 1342 1742 Ingellonisahen

50 1819 53 1836 .
99 1761 504 1829 Universit'ts-Bibliothek
526 1763 558 1825 in
580 1761 709 1826 Kralrau
731 1761 915 1826 befindliche
937 1761 1000 1825 und
1030 1761 1079 1827 die
1100 1763 1265 1830 Annahme
1287 1764 1342 1829 der

100 1867 242 1932 Trienter
263 1861 446 1931 Beschlirsse
468 1867 501 1931 in
525 1866 620 1930 Polen
642 1865 831 1930 betreffende
854 1865 1113 1946 Handschriften‚
1134 1867 1229 1933 theils
1252 1869 1342 1934 auto·

99 1971 193 2037 theils
220 1970 408 2054 apographa.
491 2007 493 2012 κ
607 1969 611 1976 ’

202 2075 244 2141 So
267 2075 317 2140 die
340 2074 572 2158 einsohlagigen
595 2071 751 2138 Schriften
774 2073 826 2137 des
856 2073 985 2152 Hosius,
1010 2075 1146 2153 Reszta,
1170 2075 1343 2142 Stanislaus

99 2180 321 2258 Karnlmwslxi‚
346 2177 544 2255 Solilrowski‚
567 2177 706 2242 Herburt
729 2177 791 2242 und
811 2177 939 2242 anderes
963 2177 1146 2260 geistliohen
1168 2180 1231 2245 und
1254 2182 1342 2247 welt-

98 2284 201 2348 lichen
223 2284 404 2386 Dignittre3
424 2283 478 2347 die
501 2282 557 2346 auf
575 2299 683 2347 ansere
699 2281 800 2365 Frage
815 2283 921 2365 Bezug
944 2283 1136 2348 nahmenden
1158 2283 1341 2370 correspon-

92 2387 215 2453 ‘denzen
238 2387 292 2452 der
314 2387 436 2472 Konige
460 2385 640 2470 Sigismund
662 2385 788 2468 August
816 2385 879 2450 und
902 2384 1040 2468 Stephan
1062 2387 1201 2468 Bathory
1217 2408 1247 2455 u.
1271 2409 1295 2455 s.
1319 2392 1341 2457 f.

204 2491 282 2556 Dass
305 2491 353 2556 die
376 2491 540 2556 Kralrauer
563 2488 966 2555 Universittts-Bibliothelx
990 2491 1084 2556 derlei
1100 2492 1343 2562 Handschriften

99 2595 131 2659 in
154 2615 186 2660 so
209 2615 331 2678 grasser
353 2595 620 2678 Reichhaltiglxeit
643 2594 848 2660 aufzuweisen
868 2595 940 2671 hat,
972 2595 1014 2660 ist
1043 2596 1142 2662 leicht
1164 2597 1343 2675 erklarliom

99 2720 186 2765 wenn
208 2719 281 2764 maa
303 2699 452 2776 bedenki,
482 2699 588 2762 wolch'
616 2698 862 2782 hervorragende
885 2697 1029 2783 Stellung
1051 2700 1166 2765 Hosius
1189 2702 1252 2767 und
1287 2723 1343 2768 an·

99 2804 170 2869 dere
204 2804 363 2886 pclnisohe
394 2804 568 2887 Delegaten
601 2803 657 2868 anf
688 2803 757 2867 dem
790 2801 931 2866 Trienter
967 2802 1073 2867 Conoil
1106 2803 1343 2888 eingenommea

99 2907 208 2974 haben.

202 3011 279 3076 Hier
307 3012 364 3074 soll
392 3031 450 3074 nur
477 3011 530 3092 der
555 3009 663 3074 Inhalt
700 3009 783 3074 einer
815 3009 991 3094 derartigen
1026 3009 1343 3105 Schrilt'angefiilrrt

99 3115 238 3192 werden,
262 3113 326 3178 und
348 3133 427 3178 zuar
450 3113 520 3190 der,
545 3112 593 3178 die
616 3112 806 3178 Aufsehrilt:
837 3112 892 3177 Aa.
920 3113 1001 3177 1565
1025 3113 1075 3178 die
1101 3115 1150 3180 16.
1173 3116 1342 3200 Mnijrch-

99 3218 213 3284 rendcn
236 3217 411 3297 (anthalten
433 3217 465 3282 in
488 3217 575 3294 dem,
602 3217 662 3282 mit
684 3217 739 3282 der
760 3214 843 3282 Man.
866 3216 983 3282 Statut.
1007 3218 1085 3283 Zahl
1116 3220 1179 3284 878
1201 3219 1342 3288 bezeich-

99 3323 191 3388 neten
213 3319 655 3406 Manuscripten-Canvolute).
701 3323 743 3385 Er
765 3322 881 3386 lautet:
971 3353 973 3360 1

202 3424 399 3492 Reverendus
423 3427 452 3491 d.
477 3427 652 3492 Stanislaus
677 3425 851 3491 Crassinski
867 3426 1118 3514 'Archidiaconus
1137 3429 1341 3495 Lenaiciensis

99 3533 135 3596 et·
152 3529 340 3596 Gnesneusis
374 3549 409 3594 ac
443 3529 600 3596 Plocensis
635 3528 806 3594 Canonium
840 3531 898 3594 eta.
943 3531 992 3594 Ad
1020 3532 1146 3597 Curiam
1168 3533 1341 3600 Romanam

98 3635 236 3700 Nuntius
258 3634 296 3699 ab
320 3634 462 3699 universo
484 3632 572 3700 Olera
594 3634 695 3718 Regni
720 3633 865 3699 Poloniae
896 3637 927 3698 et
951 3635 1132 3701 Provinciae
1155 3635 1341 3704 (inssnensis

97 3740 130 3803 iu
153 3739 273 3822 nepotis
293 3736 499 3804 Decretarura
521 3739 703 3802 Tridentini
726 3736 874 3817 Caecilii,
896 3729 1155 3823 pluralitatisque
1176 3741 1339 3825 beneficio-

96 3863 170 3908 rum
190 3849 343 3924 utcunque
366 3843 469 3908 61111116
490 3843 671 3908 retirteuolae
693 3843 843 3924 uertisqpe
865 3844 1054 3926 respectibus
1076 3866 1139 3912 uou
1161 3851 1226 3912 tam
1240 3847 1341 3912 sabito

97 3945 266 4012 6161666166
288 3983 329 3994 -
353 3947 441 4030 plene
463 3947 649 4012 informatus
671 3946 820 4029 postridie
847 3947 909 4014 diei
939 3949 1166 4032 suprascriptae
1196 3951 1244 4016 est
1271 3950 1341 4016 feli·

97 4048 175 4114 citer
197 4049 360 4132 profectus.
407 4049 465 4116 Cui
494 4049 618 4133 quidem
648 4069 754 4116 omnes
782 4050 1001 4118 instructiones
1030 4053 1140 4120 literae
1170 4054 1340 4137 plurrimae
1397 4107 1400 4113 .

96 4151 230 4217 missiles
252 4153 284 4218 et
306 4153 508 4220 mandatam
531 4153 621 4219 domo
642 4155 813 4219 Reverendi
834 4155 863 4220 d.
887 4156 1031 4223 Andreae
1060 4159 1264 4224 Praeclawski
1286 4179 1340 4242 per

96 4255 243 4324 Dominus
266 4256 479 4340 capitulariter
501 4259 714 4343 congregatos,
737 4259 830 4323 simul
854 4279 923 4324 oum
947 4260 1059 4326 viatico
1075 4263 1107 4326 et
1123 4261 1155 4328 in
1170 4263 1339 4346 expeditio-

95 4380 167 4426 nem
189 4379 300 4427 causae
323 4360 419 4427 totius
450 4361 632 4429 ducatorum
662 4363 774 4448 (leerer
795 4364 910 4446 Reum)
940 4363 1068 4430 fuerunt
1097 4366 1188 4432 datae
1212 4370 1244 4434 et
1268 4387 1340 4435 aon·

96 4464 248 4550 signatae.

199 4569 291 4640 Diese
309 4567 536 4651 Handschrilt,
564 4573 741 4660 vergliohen
764 4573 824 4641 mit
846 4575 900 4642 der
921 4576 998 4644 oben
1021 4595 1238 4661 augezogenen
1260 4577 1338 4642 Vor-
