3146 4960
145 195 207 284 152
316 211 427 278 mmor,
446 219 478 268 ue
496 223 564 270 nova
582 214 640 278 lege
659 211 741 277 liuns.
759 212 828 268 cirta
845 211 947 268 educat
965 217 1029 280 prol.
1047 215 1119 270 mint.
1137 218 1211 270 matr.

145 388 230 466 dent,
253 407 323 454 eum
347 386 385 452 ad
408 385 611 454 exundantes
634 385 860 456 testimoniales
881 386 1005 454 litteras
1027 390 1239 472 provocaturi,
1261 389 1386 474 quassi

144 492 172 558 is
204 511 289 557 nnnc
318 511 437 576 qnoque
460 489 674 576 denegaverit,
709 493 748 556 ab
782 511 842 558 nno
873 491 1002 558 testium
1032 493 1072 557 ad
1101 493 1237 560 dandum
1259 497 1385 561 eatenus

144 613 324 680 responsum
347 595 428 660 ultro
449 597 684 679 provocabitur,
711 598 816 664 utrum
840 597 1094 680 impedimentum
1117 599 1281 683 quodpiam
1304 599 1386 669 circa
1445 602 1448 607 ’

144 700 300 770 intentum
323 699 554 766 matrimonium
577 700 797 768 denunciatum
821 701 915 768 luerit
936 722 992 768 nec
1014 705 1076 768 ne?
1119 701 1216 786 Super
1241 704 1315 771 dato
1337 705 1386 770 vel

144 805 295 890 denegato
317 823 462 888 responso
483 805 579 870 testes
594 805 810 890 testimonium
832 805 961 886 dabunt,
984 807 1065 889 quod
1080 807 1271 882 dimissionis
1287 808 1384 884 viam

143 909 235 994 plene
255 908 419 994 supplebit.

248 1011 335 1096 Quod
368 1012 417 1079 lox
451 1012 616 1094 revellatis
646 1013 728 1080 ultro
758 1012 890 1093 statuit,
923 1013 1068 1080 nimirum
1101 1015 1137 1080 ut
1159 1015 1387 1091 Parammon

144 1116 285 1182 minister
308 1117 527 1187 denunciatum
550 1117 609 1182 sibi
624 1117 816 1198 matrimonii
833 1117 1086 1200 impedimentum
1103 1119 1246 1198 reticens,
1268 1121 1387 1203 praeter

144 1241 273 1306 poenam
296 1220 525 1306 disciplinarum
548 1243 567 1288 a
589 1223 791 1290 conternante
813 1221 1023 1297 ecclesiastica
1037 1221 1192 1305 potestate
1207 1220 1385 1288 dictandam

144 1325 269 1413 insuper
290 1325 599 1412 mulctapecuniaria
621 1345 717 1410 usque
733 1345 886 1392 summam
903 1327 966 1392 500
983 1325 1178 1404 florenorum,
1197 1327 1233 1390 et
1253 1345 1384 1406 carcere,

144 1429 197 1513 qui
227 1429 267 1494 ad
288 1447 341 1498 sex
359 1448 455 1514 usque
477 1449 596 1498 menses
624 1428 766 1514 protendi
796 1429 925 1512 possit„
944 1428 1116 1512 plectatur,
1151 1429 1333 1496 confidimns
1354 1431 1386 1496 in
1430 1506 1446 1516 „
1548 1405 1565 1491 ‚l

144 1533 293 1610 Domino,
311 1534 438 1620 ,nullum
461 1553 596 1618 unquam
610 1532 760 1598 ¹futurum
784 1552 850 1600 esse
873 1531 1069 1600 catholicum
1092 1532 1306 1612 Sacerdotem,
1333 1533 1386 1618 qui

144 1637 192 1702 his
214 1637 319 1720 poenis
339 1657 373 1702 00
395 1637 525 1724 dignum
553 1638 676 1712 reddat,
718 1637 780 1714 Lex
810 1636 893 1704 enim
920 1637 1091 1717 Ecclesiae,
1118 1658 1202 1722 quae,
1225 1637 1386 1722 praecipit,

145 1746 190 1824 ut'
214 1744 337 1811 detecta
370 1746 419 1810 vel
452 1745 637 1812 denunciata
666 1743 889 1826 impedimenta
916 1742 1109 1808 matrimonii
1139 1743 1178 1808 ad
1199 1741 1387 1826 superiorem

145 1848 339 1926 deferantur,
372 1849 429 1929 snt
463 1849 550 1934 gravi
584 1847 721 1930 obligat;
754 1847 804 1930 oui
827 1865 887 1912 non
908 1847 1034 1930 propter
1055 1847 1135 1912 iram
1161 1845 1226 1912 aive
1247 1865 1387 1930 poenam,
1425 1837 1428 1843 ’
1522 1897 1525 1902 .

146 1953 199 2018 dse
220 1953 346 2036 propter
367 1952 587 2021 conscientiam
614 1950 859 2034 promtissimam
884 1950 1090 2018 exhibendum
1117 1952 1168 2016 est
1196 1950 1387 2035 obsequium.

146 2056 475 2144 Mixtamatrimonia,
497 2044 524 2120 si
546 2057 609 2123 illis
632 2056 753 2121 nullum
775 2055 879 2122 obstet
900 2055 1166 2138 impedimentum,
1192 2057 1315 2138 praeter
1335 2074 1387 2120 vo·

145 2159 240 2227 titum
257 2158 377 2244 ,mnae
399 2159 558 2244 religionis
581 2148 799 2243 desponsaram
821 2159 889 2228 tam
919 2158 1178 2242 coramparocho
1208 2158 1307 2241 partis
1329 2157 1387 2224 Ga-

145 2261 289 2340 tholicae',
312 2282 404 2345 quam
428 2282 529 2329 coram
552 2265 675 2344 pastore
695 2260 794 2345 partis
817 2261 1007 2328 acatholicae
1030 2262 1131 2328 valide
1145 2262 1285 2328 contrahi
1300 2276 1387 2346 posse

146 2366 262 2434 nemini
283 2366 365 2452 apud
388 2385 441 2432 nos
463 2368 604 2450 ignotum
630 2367 686 2431 est.
732 2365 815 2430 Dum
844 2365 942 2449 igitur
967 2366 1017 2432 lex
1038 2367 1203 2440 novellaris
1225 2366 1283 2431 hoc
1304 2365 1387 2431 idem

146 2471 293 2550 declarat,
317 2469 563 2554 necquidquam
587 2469 658 2534 novi
681 2467 804 2550 statuit,
828 2488 883 2534 nec
905 2468 986 2552 quod
1008 2469 1040 2534 in
1063 2468 1258 2551 disciplinam
1280 2469 1387 2536 Eccle-

145 2576 210 2642 siae
233 2575 314 2660 apod
337 2594 392 2640 nos
414 2575 571 2658 vigentem
594 2572 758 2658 impingat.

248 2679 307 2746 111.
353 2677 576 2744 Gravissimum
605 2675 808 2742 mutationem
840 2675 1011 2743 introduxit
1036 2675 1085 2742 lex
1115 2677 1279 2742 nuvellaria
1301 2678 1388 2745 circo

7 2819 8 2822 ¹
135 2783 357 2851 educationem
372 2784 516 2866 proliano
538 2805 554 2848 e
576 2782 685 2848 natatis
704 2780 917 2846 matrimoniis
932 2780 1174 2864 progenitarum.
1219 2780 1423 2848 truncas·
1549 2843 1555 2855 ,

145 2907 174 2952 a.
205 2889 287 2953 1790
316 2889 343 2972 ὅ.
377 2889 425 2955 15.
449 2888 605 2966 statutum
626 2885 705 2963 tuit,
728 2885 765 2948 ut
786 2885 886 2968 proles
908 2905 943 2950 ex
965 2885 1069 2952 mixtis
1090 2885 1297 2952 matrimoniis
1319 2905 1387 2955 sus·

146 2993 270 3074 ceptae,
293 2991 319 3055 si
341 2993 429 3076 pater
453 2990 621 3058 catholicus
642 2989 754 3066 fuerit,
781 2988 866 3054 illius
888 2989 1068 3072 religionem
1092 2988 1179 3073 sequi
1201 2989 1387 3075 obligentur,
1481 3034 1486 3043 -

147 3094 266 3160 sivero
293 3093 393 3160 mater
423 3093 518 3166 fuerit
548 3092 718 3171 catholica,
745 3093 820 3156 tunc
842 3093 942 3175 proles
965 3094 1121 3158 masculae
1141 3094 1241 3176 patris
1262 3095 1387 3178 religio·

147 3217 217 3267 uem
247 3197 332 3280 sequi
359 3195 487 3280 possint.
529 3195 637 3268 Arrio.
669 3198 698 3260 3.
729 3215 758 3262 a.
793 3196 874 3260 1844
905 3195 983 3260 nihil
1004 3197 1094 3280 plane
1121 3199 1208 3273 eirea
1223 3199 1388 3282 praecitati

55 3335 61 3342 ,
149 3300 274 3366 articuli
297 3298 527 3383 dispositionem
551 3300 694 3366 mutavit.
741 3301 804 3366 Lex
826 3301 989 3366 novellaris
1012 3300 1164 3382 decernit,
1192 3305 1228 3368 ut
1249 3304 1387 3387 prolese

148 3404 257 3470 mixtis
276 3403 485 3470 matrimoniis
508 3404 758 3488 progenerandae
773 3403 830 3470 filii
846 3404 971 3488 quidem
988 3405 1097 3487 patris,
1109 3453 1110 3456 ,
1121 3407 1154 3470 et
1174 3405 1257 3472 filiae
1279 3407 1388 3472 matris

146 3507 328 3594 religionem
362 3508 546 3592 sequantur,
580 3510 611 3572 et
643 3509 767 3592 quosvis
800 3507 873 3574 huic
901 3508 1093 3592 dispositioni
1123 3510 1291 3576 contrarios
1314 3531 1387 3576 coa·

146 3613 277 3693 tractus,
299 3611 423 3698 quasvis
445 3612 616 3680 contrarias
639 3612 857 3692 ordinationes,
881 3615 935 3678 aut
950 3615 1118 3680 reversales
1132 3634 1186 3699 pro
1204 3615 1387 3700 iuvigorosis

147 3716 345 3800 coramjure
361 3715 508 3786 declarat.
552 3717 614 3782 Len
637 3716 744 3786 eadem
766 3735 855 3800 porro
878 3717 1022 3801 disponit,
1045 3718 1126 3801 quod
1148 3718 1321 3792 stabilitam
1343 3720 1387 3784 sic

146 3820 323 3914 religiosam
345 3819 485 3904 prelium¹
501 3819 714 3905 educationem
735 3838 794 3885 nec
815 3839 908 3900 mors,
934 3840 991 3886 nec
1013 3821 1128 3902 vinculi
1150 3824 1388 3900 matrimonialis

146 3925 307 3992 dissolutio
331 3927 462 3992 alterare
484 3926 596 3994 valeat.
641 3925 789 4024 Eandem
802 3946 891 4010 porro
914 3946 1052 3996 normam
1081 3932 1266 4015 praescribit
1286 3931 1386 4016 quoad

123 4029 560 4116 'religiosam-educationem
590 4031 722 4114 prolium
750 4050 804 4115 per
827 4031 1013 4116 subsequens
1037 4036 1202 4118 parentum
1223 4036 1385 4104 matrimo·
1473 4041 1478 4044 “

126 4133 232 4206 ¹nium
255 4132 799 4218 legitimatamm,›quen1admodum
829 4135 923 4208 etiam
950 4138 1050 4222 quoad
1072 4139 1251 4223 religiosam
1274 4139 1387 4234 educa

146 4236 260 4304 tionem
283 4237 415 4321 prohum
432 4239 519 4326 extra
539 4239 772 4308 matrimonium
788 4241 1029 4324 progenitarum,
1051 4242 1116 4310 sive
1137 4242 1385 4328 illegitimarum,

146 4339 173 4406 si
202 4337 275 4404 illae
304 4359 323 4406 a
351 4342 440 4426 patre
461 4362 516 4426 pro
538 4342 602 4428 suis
627 4327 903 4428 recognoscantur,
935 4363 1016 4428 quae
1049 4361 1139 4420 secus
1154 4383 1157 4390 ·
1170 4346 1203 4411 in
1223 4346 1385 4431 religione

145 4443 257 4512 matris
279 4435 455 4520 educandae
484 4447 585 4512 erunt.
629 4446 782 4514 Declarat.
804 4447 869 4527 lex,
893 4448 984 4533 ‚quod
1016 4450 1181 4532 parentum
1214 4450 1312 4516 altero
1344 4450 1383 4515 ad

147 4547 242 4630 aliam
263 4545 445 4636 religionem
466 4549 657 4632 transeunte,
678 4551 793 4636 proles,
823 4569 902 4638 qnae
924 4551 1060 4630 noudum
1082 4554 1248 4639 septimum
1270 4553 1385 4632 aetatis
