3118 4966
146 172 208 274 182
300 189 521 256 8888881888,
538 189 589 245 bna
607 191 699 246 1118118
716 189 892 245 Elenarconcll
908 201 960 244 con
976 187 1116 244 Baltlmore
1133 188 1237 253 (18118).

252 369 309 421 tto.
338 368 471 420 ltouemns
482 366 631 418 sacerdotes
643 359 1014 428 uuiecclesissadmlnistrant,
1029 374 1137 427 quarum
1155 363 1244 416 titulus
1262 363 1388 428 episcopis

146 457 256 510 traditus
268 459 316 515 est,
334 467 370 506 ue
387 453 504 504 aedituos
521 454 547 504 in
565 453 595 505 ils
613 451 712 516 absque
732 450 920 512 episcoporum·
931 449 1082 501 sonoritate
1099 451 1255 504 constituant
1273 452 1314 503 vel
1327 452 1388 518 eligi

148 541 300 598 abdetlbus
327 540 499 608 permittunt,¹
517 551 551 590 ne
578 539 673 590 liberae
702 549 791 590 earum
819 535 1033 630 administrationi
1055 536 1265 600 impedimentum
1284 538 1387 603 aliquod

147 629 276 682 11811111.
756 631 758 636 ’

253 715 310 766 tao.
346 713 428 775 ouum
446 713 471 764 iu
489 711 600 764 Stallbus
613 709 684 762 bisce
700 709 850 762 Foederatis
863 709 959 761 civibus
976 707 1097 761 omuibus
1119 714 1145 762 el
1156 709 1248 762 incolis
1258 709 1388 770 integrum

147 803 196 865 sil,
220 801 294 864 turta
321 797 453 862 reltgloula
471 809 534 851 suae
552 800 692 860 praecepta
709 797 790 871 libere
819 798 847 848 et
861 795 965 858 impune
993 808 1052 847 sese
1080 806 1187 859 gerere,
1212 795 1289 860 idone
1316 798 1389 862 leges

148 889 235 940 civiles
252 889 396 949 agnoscant
414 896 445 936 ac
463 883 625 947 praedicere
651 883 713 936 nibil
737 883 844 936 omnino
872 883 976 935 obstare
1004 883 1150 944 rideretur,
1178 883 1314 947 quominus
1343 895 1389 935 eas

149 972 278 1028 Ecclesiae
295 973 367 1035 leges
385 974 505 1022 accurate
523 975 673 1030 servemus,
693 981 758 1034 puae
778 969 809 1020 ad
828 969 900 1020 Bona
918 968 1095 1020 Ecclesiastica
1119 969 1169 1021 rite
1190 969 1345 1033 acquirenda
1364 973 1390 1022 et

147 1061 220 1118 sarta
238 1062 358 1122 tectaque
377 1057 504 1112 seruanda
522 1069 537 1107 a
552 1056 670 1108 conciliis
689 1058 715 1107 et
733 1053 897 1107 Pontificibus
916 1056 1050 1118 bnmsnue
1068 1055 1136 1107 latae
1154 1054 1264 1107 luerunt.
1294 1055 1391 1119 tlptaul

149 1145 257 1212 proinde
274 1146 373 1206 Patres,
392 1146 419 1198 ut
437 1145 464 1196 in
482 1143 562 1194 oculis
579 1142 692 1196 omniurn
711 1143 737 1193 et
754 1141 780 1193 in
799 1141 947 1212 plenissima
966 1141 1073 1193 ciuitatis
1091 1142 1148 1193 luce
1166 1153 1241 1194 suum
1259 1145 1390 1196 Ecclesiae

146 1233 190 1296 lus
215 1231 374 1294 vindicetur,
400 1229 526 1293 liceatque
554 1227 691 1281 catholicis
719 1227 814 1280 cluibus
832 1228 881 1280 bac
898 1228 923 1279 in
941 1237 980 1288 re,
1000 1239 1093 1290 nempe
1120 1228 1146 1279 iu
1173 1229 1319 1282 obtinendis
1343 1231 1390 1282 bu-

149 1318 240 1370 bendls
265 1317 431 1380 tutandisque
450 1315 525 1367 bouis
543 1313 636 1378 saccis,
656 1314 742 1378 qualia
760 1317 819 1366 suut
846 1313 919 1366 tundi
944 1313 1081 1378 inquibus
1108 1315 1205 1376 tempta
1231 1319 1392 1380 eximuntur,

149 1403 247 1466 tempta
259 1402 323 1467 ipsa,
342 1401 509 1466 presbyteris,
521 1402 635 1463 scbolae,
655 1401 812 1454 coemeteria
824 1402 850 1453 et
862 1402 967 1453 caetera
979 1400 1135 1465 huiusmodi,
1154 1401 1283 1454 Ecclesiae
1295 1402 1391 1455 catino·

150 1489 214 1542 licae
230 1488 304 1554 leges
322 1493 349 1542 el
365 1489 481 1541 instituta
499 1490 532 1542 ob
551 1489 640 1540 oculos
662 1488 770 1539 babere.

254 1577 313 1628 ttlll.
348 1575 416 1627 llaec
433 1577 520 1627 aulem
538 1577 615 1638 plena
632 1575 739 1627 libertas
758 1576 819 1625 tunc
837 1573 936 1626 tautum
956 1574 1068 1627 existere
1086 1574 1133 1626 dici
1152 1577 1253 1638 posset,
1277 1575 1299 1626 sl
1318 1576 1391 1638 leges

151 1665 180 1716 et
196 1663 356 1725 provisiones
374 1661 406 1712 ab
424 1661 481 1723 ipsa
499 1660 609 1713 Ecclesia
628 1661 712 1712 188118
738 1659 850 1712 tuturo
878 1671 980 1724 quoque
1003 1659 1069 1711 civili
1088 1661 1172 1724 quoad
1190 1659 1256 1712 baec
1268 1653 1391 1712 ¹admitte·

151 1750 250 1811 rentur,
268 1748 349 1814 iisque
367 1749 417 1800 boc
435 1748 512 1800 modu
532 1749 570 1799 vis
589 1746 667 1798 civilis
686 1745 851 1799 tribueretur.
887 1746 932 1798 His
950 1747 1065 1799 omnium
1082 1747 1141 1810 jura
1159 1749 1231 1797 sarta
1250 1751 1317 1798 tecta
1336 1759 1392 1800 ser·

153 1837 261 1898 tudun
280 1833 403 1886 abusibus
421 1833 443 1884 sl
462 1831 503 1896 pal
522 1832 591 1884 torte
611 1834 751 1885 occurrant
769 1832 871 1886 abunde
890 1831 993 1884 obvium
1012 1831 1076 1897 itur;
1100 1835 1127 1883 et
1149 1835 1264 1895 potestas
1291 1833 1392 1896 Episco-

153 1931 244 1982 porum
262 1919 358 1971 nedum
377 1919 414 1970 sic
432 1923 585 1982 augeretur,
604 1917 764 1971 minueretur
782 1918 868 1980 potius
892 1929 940 1980 per
957 1917 1120 1980 provisiones
1143 1918 1178 1971 ab
1202 1920 1256 1982 ipsa
1281 1919 1392 1971 Ecclesia

152 2005 244 2058 lactas.
282 2007 314 2058 ttt
338 1996 407 2058 enlm
431 2019 460 2058 se
485 2005 564 2057 tutari
588 2005 690 2070 possint
711 2006 744 2057 cb
767 2005 878 2057 indebita
902 2003 1046 2069 ingerentia
1070 2005 1234 2058 tribunalium
1260 2003 1393 2069 laicorum,
1431 2029 1435 2034 ·

153 2103 221 2156 auae
239 2092 365 2144 Ecclesiae
383 2093 456 2155 leges
474 2093 515 2144 vis
534 2098 561 2144 et
578 2103 610 2145 ne
627 2093 669 2145 vir
689 2092 792 2156 quidem
810 2091 837 2144 in
855 2091 929 2155 prasi
948 2095 1127 2154 agnoscerent,
1146 2092 1180 2144 uil
1193 2104 1262 2145 nunc
1274 2097 1394 2144 remanet

152 2177 291 2242 Episcopls,
308 2183 337 2231 ut
354 2179 440 2231 omnia
459 2180 492 2231 ad
509 2190 626 2232 normam
644 2179 730 2242 legum
750 2178 982 2232 Ecclesiasticarum
1000 2177 1055 2230 liert
1074 2183 1173 2240 curent,
1192 2177 1241 2230 uisi
1254 2181 1281 2230 ut
1297 2179 1394 2242 plenis·

153 2265 244 2316 simam
265 2276 350 2318 rerum
369 2266 617 2319 administrationem
636 2267 661 2320 ln
680 2265 746 2318 tacte
764 2265 899 2329 potestatis
913 2265 992 2318 civilis
1005 2265 1051 2316 sibi
1066 2263 1201 2318 vindicent.
1232 2263 1294 2318 cum
1307 2269 1393 2319 antem

152 2353 196 2405 ills
225 2353 310 2418 legum
338 2355 365 2404 et
383 2352 547 2406 tribunalium
566 2353 804 2404 Ecclesiasticorum
821 2351 918 2415 agnitio
937 2353 962 2403 in
981 2351 1093 2403 statibus
1108 2351 1259 2417 quibusdam
1277 2352 1393 2403 noudum

154 2436 253 2500 existat,
272 2442 387 2490 nostrum
407 2441 446 2490 est
464 2439 498 2490 itu
517 2449 560 2490 res
578 2449 749 2502 componere,
774 2440 803 2488 ul
824 2437 850 2488 in
867 2437 943 2498 locis,
968 2438 1009 2489 ubl
1028 2450 1075 2500 per
1095 2438 1169 2500 leges
1193 2437 1281 2490 civiles
1303 2440 1393 2493 melius

154 2523 283 2586 provisum
301 2525 368 2576 band
389 2525 476 2588 luerit,
494 2525 677 2588 impedimenta
697 2536 763 2588 puae
785 2523 896 2575 libertati
919 2522 1049 2576 Ecclesiae
1068 2529 1094 2574 et
1111 2523 1236 2576 bonorum
1261 2525 1394 2577 securitati

154 2623 168 2660 e
187 2609 285 2673 legibus
304 2611 419 2664 civilibus
438 2611 555 2664 orientur
573 2611 616 2664 181
637 2613 802 2674 moveantur,
822 2620 928 2673 prorsus
955 2611 995 2662 vel
1023 2609 1049 2661 iu
1076 2615 1198 2674 quantum
1225 2609 1283 2662 deri
1310 2615 1394 2675 potest

157 2694 313 2747 minuantur.

175 2782 179 2792 ’
241 2793 330 2851 881.
352 2799 385 2852 uc
403 2793 489 2853 uute'm
507 2801 575 2853 iutra
593 2797 695 2854 debitos
718 2799 812 2852 limites
837 2799 1004 2852 cobibeuutur
1022 2799 1118 2852 aeditui
1135 2799 1207 2863 laici,
1232 2811 1394 2864 quocumque

155 2887 257 2938 dentum
278 2887 354 2940 modo
374 2888 515 2952 eligantur,
538 2888 603 2940 baec
623 2887 677 2950 jam
693 2886 727 2939 -in
753 2886 862 2940 concilio
886 2886 1039 2940 Provinolali
1063 2887 1284 2940 lieo-Eboracensi
1308 2887 1395 2939 Tertio

154 2972 251 3025 statuta
269 2975 296 3025 et
312 2973 345 3026 ab
365 2975 509 3036 dpostnlica
528 2965 594 3027 Sede
612 2975 761 3037 recognita,
781 2973 814 3026 ad
833 2984 923 3026 omnes
942 2975 1035 3026 horum
1057 2973 1247 3038 provinciarum
1271 2973 1394 3026 ecclesias

156 3057 317 3112 extendimus
335 3062 361 3111 et
379 3058 474 3123 ubique
493 3059 592 3111 servari
611 3059 776 3112 consulimus.

256 3145 359 3197 »visum
379 3149 418 3196 est
437 3143 567 3209 Patribus,
594 3143 838 3208 praescriptionibus
865 3157 896 3196 ac
926 3145 1145 3199 declarationibus
1172 3147 1333 3200 inhaerendo
1359 3147 1392 3198 ab
1429 3172 1431 3176 ν

153 3231 298 3296 spostollca
317 3229 383 3282 Sede
402 3229 505 3293 saepius
525 3231 613 3296 editis,
633 3232 786 3293 praesertim
799 3230 867 3283 'vero
887 3243 901 3281 a
921 3231 1033 3283 Summis
1052 3232 1216 3286 Pontitlcibus
1234 3235 1278 3286 Pio
1297 3233 1346 3286 vlt.
1367 3237 1393 3285 et

153 3317 238 3370 leone
257 3315 306 3369 llll.
325 3317 352 3369 ln
370 3317 424 3368 suis
443 3312 523 3368 literis
542 3316 614 3369 »lton
633 3319 689 3369 sine
708 3329 830 3379 magun«
849 3316 889 3368 die
908 3319 932 3368 8.
949 3317 1024 3378 April.
1046 3318 1112 3370 1823
1130 3323 1156 3370 et
1174 3319 1245 3382 »ouo
1265 3321 1393 3381 longius«

154 3403 194 3456 dle
215 3405 255 3455 td.
274 3407 335 3466 lug.
351 3403 426 3465 1828,
445 3404 550 3466 regulas
569 3405 693 3466 quasdam
713 3405 814 3455 mature
834 3389 1010 3467 compingere,
1031 3417 1096 3468 quoe
1115 3415 1233 3458 normam
1251 3405 1393 3468 praebeant

153 3502 184 3542 uo
202 3489 280 3542 vetuti
298 3490 409 3542 formam
429 3493 482 3541 lum
501 3484 617 3544 aedituos
633 3489 759 3554 eligendi,
784 3493 837 3541 tum
862 3501 950 3542 eorum
977 3494 1034 3542 acta
1053 3489 1212 3560 moderandi.
1248 3493 1312 3545 sunt
1329 3504 1393 3544 vero

154 3575 313 3640 uniusmodi:
559 3570 561 3578 ’

259 3663 283 3714 1.
318 3663 366 3716 »tlt
385 3675 417 3714 ue
436 3661 478 3715 ille
497 3661 660 3732 aedituorum
679 3671 788 3714 numero
807 3661 973 3725 adsciscatur,
992 3661 1025 3714 de
1043 3673 1108 3736 uuo,
1122 3661 1170 3712 sub
1189 3661 1271 3724 ipsam
1289 3663 1394 3716 electio·

154 3762 223 3814 uem,
241 3752 282 3802 181
300 3750 376 3816 paulo
395 3743 469 3812 ante,
488 3747 643 3813 constiterit,
667 3749 860 3805 eum,societati
879 3749 957 3802 cuivis
976 3751 1091 3800 secretae
1114 3759 1210 3801 numen
1229 3749 1331 3802 dedisse
1353 3751 1394 3802 181

155 3838 323 3890 &cremento
341 3836 475 3888 Pascbalia
493 3845 544 3887 non
555 3833 707 3898 suscepisse.
970 3881 976 3890 ,
1257 3821 1259 3828 ⁴

258 3925 283 3976 1.
318 3921 420 3974 »Probe
439 3919 584 3984 intelligant
602 3919 707 3983 tedltnt,
726 3921 801 3973 netas
819 3921 867 3972 sibl
886 3921 989 3974 omnino
1009 3934 1075 3984 esse,
1099 3922 1141 3973 vel
1164 3921 1296 3974 minimam
1314 3921 1395 3974 bono·

154 4019 212 4062 rum
231 4007 359 4061 Ecclesiae
376 4009 476 4070 partem
495 4007 519 4058 iu
538 4017 609 4058 suos·
621 4019 684 4058 usus
703 4008 793 4072 quovis
811 4006 884 4059 tllulo
908 4009 949 4060 vel
973 4007 1110 4072 praetextu
1134 4007 1285 4071 traducere,
1306 4013 1351 4060 sul
1368 4009 1394 4060 lu

155 4097 294 4147 extraneos
312 4093 361 4146 nisi
380 4093 411 4145 de
430 4093 505 4146 venta
525 4091 651 4156 Episcopi,
670 4095 830 4146 accersatis
849 4093 1074 4146 constitutionibus
1087 4093 1238 4157 spostolicts
1257 4096 1393 4148 deserum

154 4179 386 4234 Ecclesiasttcamm
405 4180 570 4233 alienatione.¹
613 4195 615 4202 ’

257 4268 281 4318 s.
305 4265 474 4326 'sbrdtnarlls
503 4265 649 4330 sumptibus
677 4264 791 4330 exceptis
818 4277 853 4318 ne
879 4265 955 4318 liceat
978 4266 1091 4320 lledituts
1115 4267 1239 4331 pecuniae
1265 4277 1393 4321 summam

154 4352 222 4406 ultra
242 4355 372 4406 trecentos
390 4355 505 4406 scutatos
523 4363 642 4406 nummos
659 4351 686 4404 ln
703 4353 784 4406 ullum
808 4352 937 4417 peculiare
964 4364 1028 4416 opus
1046 4365 1170 4418 erogare,
1189 4354 1238 4407 nisi
1256 4354 1393 4418 Episcopus

155 4439 301 4504 descripto
320 4437 485 4492 assentiatur.

260 4526 283 4594 t.
303 4523 410 4584 »donst
428 4524 543 4591 sedltui,
562 4537 643 4601 penes
660 4525 811 4598 Episcopum
828 4539 889 4584 esse
907 4525 1042 4584 arbitrium
1065 4521 1215 4580 nominandi
1240 4528 1266 4581 et
1287 4523 1393 4603 creandi
