3152 4952
229 193 231 198 ,
281 222 382 280 biterae
400 221 475 278 card.
494 223 612 286 lirohlep.
630 221 804 277 liechllniens.
819 224 846 276 d.
868 223 906 277 15.
924 223 980 278 ian.
1003 221 1067 277 ibid
1085 223 1119 278 de
1136 223 1312 288 heamambus.
1355 205 1420 272 ioli
1502 254 1505 260 -

220 397 333 452 Litterae
351 393 414 452 limi.
432 405 463 448 ac
480 395 575 448 hermi.
593 395 675 448 bont.
693 396 767 449 card.
787 395 901 460 lrchiep.
920 392 1137 460 bethuniensisb
1155 396 1187 448 de
1205 395 1378 460 amarantus..

471 481 598 534 Universa
615 483 689 534 clero
708 482 912 535 hrrhldioecesis
931 481 1126 536 mechliniensis.

385 569 527 622 llererendi
546 568 656 621 bomini!

282 657 312 708 bt
331 656 407 709 dubia
426 666 636 718 praecaveamus,
655 667 721 718 quae
741 654 879 707 occasione
896 655 1094 706 restaurationis
1120 654 1239 708 ordinum
1256 656 1419 721 legatarium

178 748 359 808 exemplorum
380 741 441 794 orlri
460 744 575 804 possent,
594 742 727 804 sequentia
746 741 819 792 vohis
838 740 1028 792 commonicare
1047 741 1192 793 consultum
1211 742 1338 794 duximus.

280 815 391 882 sancml.
410 828 489 882 homi.
507 827 535 880 ii.
554 827 674 880 voluntas
694 832 742 890 est,
761 831 789 879 ui
806 827 986 891 Regulariom,
1011 839 1075 891 qnos
1093 827 1120 878 in
1139 827 1227 890 Belgio
1245 827 1340 882 iterum
1357 841 1418 885 con·

176 916 283 981 properi
300 915 444 979 contigerit,
463 912 594 976 exemptio
613 919 791 976 conservetur,
819 915 892 978 cujus
909 915 1007 966 utilitas
1032 914 1104 976 (suut
1131 915 1212 967 verba
1238 915 1307 979 elus)
1337 917 1419 970 eccle·

177 1001 287 1053 siastlcis
306 999 484 1053 sanctionibus
502 1001 630 1064 longeque
656 1000 821 1051 saeculorum
839 999 950 1061 plurium
970 1000 1129 1065 experientia
1150 1007 1176 1054 et
1195 1006 1236 1056 vel
1253 1001 1310 1067 ipso
1328 999 1434 1056 haere·¹

177 1087 287 1139 ticorum
307 1091 333 1137 ei
350 1084 541 1138 incredulorum
559 1084 586 1136 ln
604 1085 674 1137 iliam
693 1085 753 1137 odio
775 1086 944 1148 comprobata
961 1092 1009 1138 est.
1047 1086 1160 1139 Proinde
1184 1087 1332 1152 superiores
1350 1090 1418 1142 ordl-

178 1185 240 1226 num
259 1176 423 1224 exeniorum
442 1172 557 1235 gandent
575 1171 706 1223 ordinaria
723 1170 900 1234 iurisdictione
918 1172 944 1224 in
962 1172 1010 1225 sibi
1028 1173 1144 1227 subditos
1168 1174 1305 1240 religiosos
1328 1176 1419 1239 hisqae

176 1261 341 1314 sacramenta
361 1260 535 1321 poenitentiae
554 1260 580 1309 et
594 1257 778 1320 Eucharistiae,
797 1257 916 1311 viaticum
935 1261 962 1312 et
981 1261 1125 1312 extremam
1146 1262 1291 1313 unctionem
1309 1261 1418 1314 admitti·

176 1352 259 1400 strare
279 1349 389 1410 possunt
408 1350 434 1398 ei
452 1347 582 1398 tenentur.
619 1346 739 1408 superior
752 1344 875 1411 cuiusque
891 1346 982 1398 domus
997 1352 1036 1398 est
1048 1349 1186 1412 parochus,
1204 1347 1311 1412 ipsaque
1327 1347 1418 1400 domus

177 1440 203 1487 oi
226 1434 419 1500 quodammodo
445 1434 568 1498 parochia
596 1433 777 1496 religiosorum
804 1433 829 1484 in
857 1444 888 1484 ea
916 1431 1100 1498 habitantium
1128 1444 1209 1498 quare
1235 1435 1371 1498 sepultura
1391 1435 1418 1486 ei

176 1520 301 1585 exequiae
319 1531 409 1573 eorum
429 1531 475 1583 per
492 1519 652 1583 superiorem
671 1519 698 1571 in
716 1519 813 1570 sacello
838 1518 878 1570 vel
907 1519 1016 1590 ecclesia
1042 1520 1133 1571 domus
1160 1519 1217 1572 llerl
1243 1519 1347 1573 debent.
1389 1519 1414 1572 Si

175 1615 262 1660 autern
282 1619 377 1671 corpus
395 1605 429 1657 ad
448 1607 584 1658 ecclesiam
602 1605 643 1657 vel
661 1605 843 1657 coemeterium
862 1605 969 1668 alicuius
993 1605 1131 1668 parochiae
1155 1607 1303 1670 deleratur,
1330 1611 1419 1670 pastor

173 1693 217 1757 los
235 1693 315 1745 hahet
332 1694 490 1756 sepulturam
509 1693 619 1744 faciendi
639 1704 669 1744 ac
683 1693 725 1757 jus
743 1703 818 1744 snum
843 1691 1011 1756 percipiendi,
1039 1691 1099 1744 licet
1126 1691 1230 1746 omnino
1258 1694 1363 1757 deceat,
1390 1697 1419 1746 ot

176 1781 242 1834 sinat
260 1781 397 1844 religiosos
409 1781 458 1831 hoc
476 1790 581 1844 quoque
593 1778 707 1832 ultionum
721 1778 870 1842 obsequium
888 1778 1013 1830 deloncio
1032 1778 1104 1831 iratrl
1118 1777 1251 1832 exhibere.
1282 1779 1418 1844 Religioaia

177 1869 377 1930 aequiparantur
393 1866 497 1929 novitii,
524 1865 613 1919 tamaii
638 1868 663 1916 ei
690 1865 876 1917 commensales
903 1863 1032 1928 continui,
1060 1866 1101 1930 qui
1129 1869 1189 1918 soni
1206 1864 1254 1918 sub
1272 1867 1417 1920 ohedientia

175 1953 323 2018 superioris.
1120 1987 1123 1992 -

281 2039 466 2092 distrahentes
489 2051 503 2090 a
523 2038 682 2103 quaestione,
701 2049 767 2102 quae
779 2038 848 2090 inter
865 2038 1013 2090 canonistas
1026 2038 1236 2103 controvertitur,
1255 2051 1289 2092 au
1303 2037 1417 2104 discipul

177 2127 336 2180 coneiomres
355 2124 570 2177 commensalibus
590 2123 777 2176 annumerandi
796 2123 862 2186 sini,
883 2123 1016 2186 speciatim
1037 2124 1165 2188 iustisque
1189 2126 1221 2177 de
1245 2124 1330 2178 causis
1357 2139 1417 2180 ron·

177 2213 291 2266 cedimus
309 2216 336 2263 ei
353 2213 498 2274 statuimus,
517 2213 546 2262 ui
563 2211 712 2274 liegulares,
732 2209 775 2274 qul
793 2221 850 2261 curn
869 2221 995 2262 consensu
1014 2211 1105 2262 nostro
1123 2210 1228 2264 scholas
1246 2217 1290 2264 aut
1309 2211 1417 2274 collegia

176 2299 333 2364 operuerint,
352 2298 489 2361 discipulos
507 2309 599 2349 omnes
618 2297 672 2348 stre
697 2297 813 2348 internos
837 2297 892 2348 siue
911 2299 1048 2359 externos,
1072 2295 1214 2350 certioretis
1239 2302 1326 2350 umen
1349 2300 1418 2362 prim

178 2386 305 2450 parochis,
323 2369 355 2437 ad
374 2386 484 2449 primam
502 2383 709 2436 commonionem
728 2383 878 2447 paschalem
897 2384 922 2436 in
942 2383 1056 2435 ecclesiis
1075 2384 1117 2434 uel
1134 2383 1237 2437 sacellis
1255 2385 1309 2438 suls
1326 2386 1418 2438 admit·

178 2479 234 2525 iere
251 2475 368 2534 valeant,
387 2485 435 2524 neo
453 2484 505 2524 non
523 2475 554 2524 ut
572 2471 701 2533 discipulis
725 2471 750 2521 in
773 2470 869 2522 scholis
887 2472 928 2523 vel
947 2469 1062 2534 collegiis
1083 2470 1296 2524 decumbentibus
1314 2483 1417 2524 sacrum

178 2559 297 2612 eiahourn
327 2565 352 2611 ei
379 2565 522 2611 extremam
550 2557 699 2610 unctionem
726 2557 909 2608 administrent
936 2569 967 2608 ac
993 2555 1088 2609 ibidem
1116 2556 1242 2610 defunctis
1266 2557 1336 2622 loeta
1359 2569 1418 2622 per·

177 2647 286 2698 mm

281 2733 316 2784 be
332 2731 389 2793 ture
408 2731 516 2792 possunt
534 2729 676 2793 lieguleres
694 2730 720 2780 in
738 2729 793 2780 sols
812 2729 926 2781 ecclesiis
945 2731 972 2781 et
990 2730 1092 2782 sacellis
1109 2732 1226 2784 sanctiss.
1244 2730 1417 2784 Eucharistiae

178 2823 373 2873 Sacramentum
396 2817 541 2868 ministrare
564 2815 681 2867 omnihus
703 2815 925 2878 christifidelibus,
949 2817 1060 2876 excepta
1083 2818 1139 2868 sola
1163 2817 1205 2869 dle
1222 2818 1367 2870 Paschatls:
1384 2819 1418 2870 ah

178 2907 310 2960 brdlnario
329 2903 473 2968 approbati,
492 2904 600 2967 possunt
618 2901 709 2966 quovis
728 2901 769 2952 die
788 2901 900 2954 ddellom
920 2903 1096 2954 confessiones
1113 2902 1240 2967 excipere,
1258 2903 1292 2954 lta
1309 2905 1418 2968 quidem,

177 2997 205 3050 ui
224 3006 270 3057 per
289 3005 334 3044 eas
352 2991 489 3054 impleatur
507 2996 673 3054 praeceptum
693 2999 794 3040 annuoe
813 2987 996 3054 cotriessionis3
1016 2989 1119 3054 quando
1131 2995 1216 3042 autem
1229 2991 1417 3044 contessionem

176 3082 270 3134 intirml
289 3080 456 3142 exceperunt,
475 3078 597 3130 tenentur
615 3075 756 3140 parochum
779 3075 914 3128 certiorem
939 3075 1035 3128 iecere.
1071 3077 1183 3130 Tandem
1209 3077 1297 3131 fideles
1321 3076 1347 3129 in
1370 3077 1417 3130 lle·

177 3167 304 3230 gutaulum
323 3164 437 3217 ecclesiis
455 3167 481 3215 et
498 3162 600 3215 sacellis
619 3163 727 3215 verbnm
757 3161 801 3214 liei
827 3162 919 3214 audire
947 3167 972 3214 ei
999 3169 1140 3228 praecepto
1167 3163 1289 3217 audiendi
1315 3165 1417 3216 Missam

178 3253 328 3306 satisfacere
347 3253 464 3313 possunt.
804 3243 807 3250 ’

281 3333 401 3401 buamvis
420 3339 510 3389 domus
528 3335 703 3399 breuiarium,
721 3335 747 3387 ln
767 3335 859 3402 quihus
873 3335 1007 3389 duodecim
1019 3335 1132 3398 religiosi
1150 3341 1208 3390 acia
1228 3349 1280 3391 non
1293 3337 1419 3403 habitant,

177 3430 298 3478 maneant
315 3423 447 3486 sublectae
462 3421 634 3486 jurisdictioni
652 3423 786 3485 ordinarii,
805 3423 948 3486 provisoris
966 3429 1054 3476 tamen
1072 3426 1098 3475 et
1111 3423 1194 3476 donec
1208 3423 1282 3476 aliter
1299 3421 1420 3477 statueri-

178 3519 250 3574 mus,
274 3509 440 3562 concedimus
463 3507 627 3573 bepoleriun
652 3505 841 3572 superioribus,
869 3513 896 3562 ut
911 3508 1091 3572 jurisdictione
1115 3513 1143 3561 ei
1159 3508 1323 3562 iacultaiibus
1341 3521 1419 3573 supra

179 3596 317 3651 enuntiatis
334 3596 477 3660 gaudeant,
502 3597 549 3648 etsi
568 3596 650 3648 dictus
677 3606 799 3648 numerus
824 3595 1008 3660 religiosorum
1033 3596 1137 3648 domum
1165 3596 1206 3648 uel
1234 3597 1419 3652 monasteriam

98 3706 103 3716 ,
179 3689 239 3736 actu
256 3695 308 3736 non
327 3682 462 3736 inhabitet.

281 3769 405 3833 optamus
423 3771 510 3823 autem
529 3768 770 3832 vehementissime,
795 3771 822 3819 ui
840 3768 866 3819 in
884 3767 994 3820 dioecesi
1020 3773 1108 3820 nostra
1132 3769 1198 3821 inter
1215 3770 1313 3822 clerum
1331 3779 1420 3822 saecu·

178 3860 260 3910 larena
279 3862 303 3909 et
321 3858 469 3918 regularem
491 3857 640 3908 constanter
659 3856 746 3919 vigeni
764 3853 880 3919 pretiosa
899 3855 942 3906 llla
960 3855 1102 3906 animarum
1122 3855 1271 3916 consensio,
1290 3867 1339 3920 qua
1358 3851 1420 3906 nihil

177 3944 231 3996 heo
249 3944 357 4006 gratius,
375 3943 435 3995 nihil
454 3943 601 3996 hominihus
620 3943 686 3994 solet
705 3952 763 3993 esse
782 3941 878 3993 odilus.
914 3940 1008 3994 bmnes
1027 3942 1110 3994 eidem
1133 3943 1238 3995 militiae
1263 3947 1359 3996 nomed
1377 3943 1421 3996 de·

178 4030 275 4096 dimus,
294 4042 385 4084 omnes
403 4031 511 4082 eandem
532 4041 637 4082 causam
656 4029 768 4092 agimus3
796 4028 869 4080 orote
896 4027 976 4092 igitur
1002 4028 1098 4082 laboris
1122 4028 1198 4080 simul
1222 4030 1250 4080 et
1267 4027 1420 4081 concordiae

178 4117 281 4192 emcelo
299 4129 347 4170 nos
365 4129 421 4174 esse
439 4115 591 4180 coniunctos
610 4116 722 4179 oporiet.
1403 4114 1405 4119 ·

281 4203 351 4256 stcui
374 4203 487 4266 religiosi
511 4203 610 4254 clerum
637 4202 797 4255 saecularem
822 4201 923 4254 honore
947 4203 1100 4264 praevenire
1124 4199 1328 4267 debentneque
1353 4199 1421 4256 llllas

176 4289 233 4354 lura
251 4287 455 4353 infringerent
474 4289 653 4341 auctoritatem
672 4289 788 4340 minuere
806 4291 928 4351 possunt,
946 4289 982 4340 ita
1000 4299 1102 4354 quoque
1120 4289 1225 4352 parochi
1245 4291 1270 4348 ei
1288 4288 1375 4340 ricarli
1395 4291 1421 4340 ei

179 4379 303 4441 quotquot
327 4377 358 4426 de
384 4377 454 4427 clero
477 4373 604 4428 saeculari
626 4377 699 4432 sunt.
725 4377 847 4428 tenentur
869 4373 1006 4438 religiosas
1033 4375 1144 4428 inmittas
1166 4378 1298 4438 tamquam
1316 4383 1420 4426 manum

182 4491 273 4502 nun—unu·—

284 4567 312 4628 l)
331 4567 357 4618 Ρ.
376 4566 427 4618 822
445 4576 516 4630 seqq.

1148 4649 1212 4714 13*
