3146 4960
172 196 234 263 lio
322 209 542 280 Scinecmoosr,
561 211 611 267 liar
629 211 720 268 amede
738 208 913 300 Eleuarconcil
929 223 981 266 vau
998 211 1138 266 Ealtlmore
1155 207 1260 279 (ιιιι).

169 389 263 443 sanda.
298 385 369 451 nand
388 388 411 439 si
428 386 483 452 uuis
501 386 651 440 clericomur
670 385 711 438 uel
729 384 862 450 laicorum,
881 385 1025 450 uniusmodi
1044 385 1140 440 uonna
1161 385 1301 449 destruatis
1319 387 1409 440 uoltus

170 481 260 530 contra
278 475 431 547 donatorum
449 473 606 526 uoluntatem
625 471 760 534 succurit,
782 485 814 524 se
840 471 866 524 in
893 483 991 535 poenas
1014 484 1031 524 a
1054 472 1162 525 concilio
1180 471 1328 526 Tridentino
1346 474 1410 526 latae

169 558 254 632 (sesa
270 559 343 614 iiiiii.
361 571 418 623 cap.
439 559 478 612 ιι.
498 559 530 610 de
549 555 621 623 ιιι.)
639 558 772 610 incurrere
789 556 899 610 nouerit.

179 707 184 716 ¹
275 645 334 700 ¹88.
368 645 422 708 ouo
440 644 573 698 efficacius
591 643 826 696 Ecclesiasticorum
844 644 973 698 Bonorum
991 644 1125 698 securitati
1147 646 1325 711 providerent,
1346 647 1410 699 loaec

169 736 276 800 insuper
293 736 441 786 statuerunt
459 731 564 786 concini
582 729 776 784 Baltlmorensis
793 731 833 782 li.
853 732 951 784 Patres.

271 819 407 876 Praetules
428 829 518 872 omnes
543 827 687 880 monemus,
712 820 740 868 ut
756 816 886 870 securitati
912 818 1038 872 uonomm
1063 819 1295 872 ecclesiasticorum
1319 820 1410 873 sedulo

164 889 326 975 ¹prospiciant
344 906 413 960 omni
432 915 482 970 uua
499 904 586 958 valent
603 905 713 968 ratione,
731 903 841 968 ideoque
860 905 947 967 legum
964 916 1011 956 seu
1028 905 1191 958 auctoritatis
1209 904 1289 958 ciuilis
1313 905 1410 967 praesi-

171 996 240 1050 dium
259 999 399 1060 quaerunt,
426 991 581 1056 uultumque
610 989 700 1042 hateri
719 989 813 1053 possit,
840 990 913 1042 salvo
941 994 1026 1043 tannen
1048 991 1128 1057 littero
1147 994 1328 1056 episcoporum
1344 992 1410 1056 lure.

171 1081 265 1146 Quodsi
292 1082 422 1145 nequeam
446 1077 653 1140 illudentium,
675 1077 767 1129 saltem
785 1077 941 1129 testamento
960 1077 1035 1140 juxta
1058 1078 1123 1140 legis
1148 1077 1329 1142 dispositiones
1344 1078 1410 1130 'scite

172 1167 251 1236 iacto,
269 1165 341 1232 cujus
359 1164 517 1229 duplicatum
534 1162 656 1225 habeant,
676 1169 793 1226 caueant,
808 1175 841 1215 ue
859 1163 926 1216 oona
943 1162 992 1216 siti
1010 1163 1036 1215 ιιι
1055 1177 1116 1217 usns
1135 1165 1321 1219 ecclesiasticos
1339 1175 1409 1218 com·

169 1253 251 1309 mitta
268 1265 284 1306 a
301 1251 355 1306 suis
372 1251 467 1306 linitus
484 1254 639 1303 averuutur.
675 1249 791 1302 llaoeant
815 1251 894 1303 etiam
911 1251 1044 1304 donorum
1062 1251 1296 1304 ecclesiasticorum
1322 1252 1410 1304 inuen-

172 1339 265 1394 tarium
283 1342 309 1392 et
335 1338 421 1390 titulos
437 1339 463 1389 et
479 1335 652 1394 iustrumenta
669 1336 755 1388 omnia
779 1328 829 1388 rite
851 1335 984 1399 disposita.
1020 1337 1049 1388 Et
1071 1337 1093 1390 ei
1118 1337 1255 1400 contigerit
1272 1351 1317 1392 eos
1336 1343 1409 1391 extra

172 1425 311 1480 dioecesim
329 1424 437 1487 versari,
455 1423 552 1476 litteras
570 1422 761 1486 procurationis
770 1423 838 1486 apud
857 1423 993 1486 quemdam
1012 1424 1096 1476 virum
1109 1410 1245 1488 prolatum
1259 1426 1410 1490 relinquant,

172 1513 215 1578 uui
233 1525 265 1566 ea
283 1513 351 1566 oona
369 1511 455 1565 valeat
473 1511 561 1564 usious
580 1509 757 1566 ecciesiasticis
776 1521 886 1563 servare.
923 1511 1054 1564 llouemus
1076 1511 1183 1574 insuper
1209 1511 1358 1576 episcopos,
1377 1523 1410 1565 ne

172 1600 258 1654 sicam
282 1597 433 1653 sacerdotes
451 1608 531 1659 penes
552 1607 582 1648 se
606 1595 718 1648 retinere
741 1608 788 1648 suo
814 1597 926 1661 nomine,
948 1609 1014 1663 puae
1038 1597 1187 1650 uddeliitus
1205 1598 1232 1652 ιιι
1251 1595 1366 1662 puuliccs
1385 1603 1410 1650 et

169 1686 359 1754 ¹ecclesiasticos
377 1696 439 1737 usus
457 1683 552 1736 donate
570 1688 636 1744 suut,
656 1693 797 1748 eorumque
816 1681 876 1736 ildei
893 1685 1039 1738 commissa.

278 1774 335 1828 tea.
370 1772 449 1837 Sacra
467 1768 640 1834 congregatio
659 1770 691 1822 de
709 1770 879 1833 Propaganda
897 1770 957 1824 ilde
975 1773 1016 1824 dle
1036 1773 1075 1824 ιι.
1101 1773 1160 1824 lieo.
1190 1771 1255 1824 1840
1279 1773 1409 1824 decretum

173 1861 206 1912 de
223 1861 300 1912 Eouis
317 1856 502 1910 Ecclesiasticis
521 1860 576 1910 tuto
595 1856 729 1908 servandis
748 1856 840 1919 edidit,
859 1857 933 1921 culus
950 1869 1051 1910 summo
1070 1861 1123 1921 est,
1142 1858 1239 1911 debere
1259 1857 1410 1921 Episcopum

173 1955 381 2010 unumquemque
390 1945 574 1996 testamentum
594 1943 716 2006 condere,
736 1955 786 2008 uuo
804 1956 882 1998 unum
902 1957 935 1996 er
953 1944 1006 1997 suis
1025 1944 1103 2008 ouius
1116 1944 1229 2008 regionis
1242 1945 1412 2008 coepiscopis,

174 2043 250 2098 quero
269 2031 353 2094 manis
371 2031 493 2084 idoneum
513 2030 537 2082 in
555 2029 665 2080 ltomlno
680 2029 849 2095 iudicaverit,
869 2030 1011 2083 haeredem
1029 2031 1184 2094 constituet,
1207 2041 1239 2083 eo
1258 2029 1309 2082 oue
1328 2034 1356 2083 ut
1376 2031 1412 2083 sic

174 2117 328 2172 constitutus
346 2116 441 2168 haeres
459 2117 601 2171 successori
620 2113 736 2179 Episcopi
755 2120 838 2168 morie
857 2116 949 2168 satiati
967 2116 1054 2169 omnia
1074 2114 1157 2167 tradm
1181 2117 1264 2180 oona,
1282 2126 1348 2180 uuae
1365 2115 1411 2179 ipsi

175 2202 320 2270 uniusmodi
338 2202 505 2258 haereditatis
520 2201 580 2265 lure
599 2203 767 2267 obvenerint3
793 2203 818 2254 id
844 2207 930 2255 tamen
949 2202 975 2254 iu
994 2203 1050 2267 ipso
1069 2206 1226 2256 testamento
1248 2201 1352 2254 minime
1369 2213 1413 2254 er·

175 2289 350 2353 primendum,
368 2290 413 2342 sed
432 2289 629 2352 significandum
652 2288 757 2340 haeredi
773 2288 808 2338 sic
825 2287 942 2341 institute
960 2297 1007 2351 per
1024 2289 1121 2350 literas,
1144 2300 1209 2353 puae
1227 2288 1354 2351 perlectas
1373 2285 1413 2339 liic

170 2376 331 2429 comburere
350 2374 450 2429 deleat
486 2373 626 2439 Episcopus
645 2376 696 2441 qul,
714 2375 890 2440 coadjutorem
907 2373 1078 2439 arietillum
1103 2373 1179 2425 debet
1197 2374 1336 2426 haeredem
1355 2385 1413 2425 con·

173 2465 287 2518 stituere.
324 2462 411 2526 Quoad
430 2462 497 2516 iona
517 2463 728 2516 communitatum
753 2463 808 2514 sive
827 2460 1062 2514 ecclesiasticarum
1086 2461 1141 2512 slve
1164 2459 1350 2524 Eeitgicsarun
1369 2460 1413 2512 de·

175 2549 255 2603 creuit
273 2548 364 2600 eadem
382 2547 462 2601 Sacra
480 2547 668 2611 congregatio:
1133 2546 1136 2550 ’

279 2633 520 2698 »trolteplscopum
537 2638 562 2686 et
580 2633 716 2698 Episcopus
734 2635 793 2697 post
810 2633 906 2686 decreti
923 2632 996 2686 istius
1014 2633 1200 2697 receptionem,
1219 2633 1251 2684 ad
1264 2631 1414 2696 superiores

177 2720 341 2790 l’raeiettos,
361 2720 405 2774 uel
426 2719 559 2774 Proetides
581 2721 809 2785 communitatum,
833 2731 900 2785 puae
917 2720 985 2772 intra
1002 2719 1128 2773 dioecesis
1152 2733 1216 2772 suae
1236 2719 1301 2774 dues
1317 2719 1415 2782 reperi-

176 2810 282 2873 rentur,
300 2805 416 2859 scribere
434 2805 544 2869 delere,
568 2807 654 2870 iiiique
672 2807 791 2860 omnibus
808 2807 963 2859 auctoritate
987 2807 1012 2858 S.
1030 2806 1259 2870 congregationis,
1284 2815 1350 2869 uuae
1367 2803 1416 2857 illis

177 2895 296 2950 omnious
314 2892 347 2945 ad
365 2893 416 2946 lroo
433 2893 579 2956 specialiter
602 2893 723 2955 delegata
740 2892 830 2955 luent,
848 2891 1008 2956 praecipere,
1026 2895 1055 2944 ut
1072 2903 1149 2958 uuam
1167 2892 1277 2955 primum
1296 2892 1352 2944 lieri
1371 2903 1416 2953 po·

177 2982 261 3046 tuerit,
280 2979 416 3033 certiorem
435 2989 482 3043 per
498 2979 586 3033 literas
604 2979 754 3043 Episcopum
773 2979 904 3031 tacerent:
921 2979 971 3030 1¹²·-
989 2980 1036 3043 An,
1055 2991 1123 3044 uuae
1141 2980 1168 3030 et
1185 2989 1235 3043 uuo
1251 2989 1331 3032 unere
1349 2979 1417 3030 oona

178 3066 307 3130 possideat
334 3066 516 3128 communitas,
535 3064 575 3118 eui
593 3065 709 3130 praesitt
744 3063 798 3116 11⁶⁰·
817 3069 936 3118 iosuae
959 3064 1134 3118 communitati
1151 3065 1260 3118 incultas
1278 3075 1325 3116 seu
1340 3064 1382 3128 lus
1401 3076 1415 3115 a

177 3154 244 3208 ciuili
271 3155 401 3217 potestate
427 3151 516 3204 datum
543 3151 633 3215 tuerit,
658 3152 725 3205 bona
754 3151 839 3203 omnia
865 3153 905 3204 vel
929 3163 1019 3205 eorum
1038 3156 1139 3215 partem
1157 3150 1302 3215 possidendi
1332 3154 1357 3201 et
1383 3150 1416 3200 ad

178 3249 343 3294 soccessores
366 3237 574 3292 transmittendi?
615 3237 656 3299 (ll
678 3238 739 3298 they
763 3239 830 3290 have
849 3237 916 3290 lecu
933 3236 1112 3300 incorporated
1132 3235 1185 3288 and
1204 3236 1370 3300 empowered
1390 3241 1416 3288 to

178 3326 240 3380 lrold
257 3324 291 3377 all
309 3337 340 3378 or
357 3336 408 3386 aur
427 3327 495 3388 ¹part
519 3323 550 3378 ui
572 3325 641 3378 tlreir
659 3327 795 3388 property,
813 3324 864 3376 and
883 3319 986 3388 morti)
1021 3323 1086 3375 ppos.
1110 3326 1146 3374 ln
1171 3324 1239 3375 oona
1263 3321 1357 3385 omnia,
1377 3322 1417 3376 iel

61 3426 64 3434 ·
178 3415 265 3479 aliqua
291 3422 380 3464 eorum
399 3423 475 3476 pars,
493 3423 510 3463 a
527 3410 663 3474 superiore
682 3412 723 3464 vel
747 3413 780 3462 ait
799 3413 884 3476 aliquo
908 3410 1097 3464 communitatis
1115 3409 1231 3462 membro
1257 3408 1298 3461 rel
1322 3420 1337 3460 a
1361 3409 1417 3472 plu·

178 3501 249 3554 ritus
273 3498 428 3562 conjunctim
452 3496 666 3560 possiderentur?
709 3497 769 3550 illu·
791 3503 828 3552 ιιι
856 3499 967 3564 aliquem
999 3497 1145 3550 inuenerint
1173 3496 1275 3550 modum
1304 3501 1358 3548 tuto
1386 3495 1418 3546 ad

179 3597 342 3642 successores
360 3583 427 3638 bona
445 3584 576 3648 praedicta
593 3584 795 3648 transmittendi,
819 3585 918 3650 etquis
936 3586 969 3637 sit
986 3583 1079 3636 modus
1097 3584 1161 3636 istet
1197 3583 1234 3638 ιιι
1251 3582 1336 3636 nullus
1355 3583 1419 3634 alius

179 3673 321 3738 pareretur
337 3670 429 3724 modus
448 3673 552 3734 praeter
569 3672 788 3724 testamentumta

286 3776 343 3830 tou.
378 3773 487 3827 Ulterius
506 3773 597 3828 eudem
615 3775 719 3827 decreto
740 3777 863 3827 statutum
882 3775 946 3828 init:
968 3775 1133 3838 Episcopum,
1157 3784 1285 3838 responsu
1305 3774 1419 3835 accepto,

180 3861 320 3916 sinconisi
344 3869 391 3925 per
414 3864 596 3913 testamentum
619 3861 687 3913 bona
711 3861 742 3912 ad
767 3873 932 3914 successores
956 3861 1096 3913 transmitti
1121 3853 1242 3924 possint,
1267 3857 1418 3923 praecipere

181 3949 277 4003 debere
287 3947 466 4013 superioriocs
484 3947 525 3999 rel
538 3947 595 4011 illis,
608 3947 650 4011 qul
663 3959 710 3998 suo
728 3948 830 4011 proprio
843 3948 946 4000 nomine
960 3945 1149 4000 communitatis
1165 3945 1234 3998 iona
1246 3945 1419 4009 possiderent,

181 4036 312 4090 utstatim
331 4035 515 4088 testamentum
530 4031 604 4097 iaxta
621 4034 694 4096 leges
712 4034 799 4086 civiles
817 4033 911 4096 duplici
929 4032 1072 4097 exemplari
1091 4043 1174 4096 aeuue
1192 4031 1341 4083 authentico
1360 4041 1421 4083 con·

181 4121 295 4184 fluerent,
320 4131 426 4185 unorum
450 4130 530 4173 unum
554 4121 579 4172 in
603 4120 792 4173 communitatis
822 4119 913 4172 scrinis
936 4119 1072 4185 diligenter
1094 4121 1287 4181 asservaretur,
1311 4119 1420 4169 alterum

182 4219 244 4262 uero
261 4209 293 4261 ad
311 4207 464 4271 Episcopum
481 4194 667 4260 'liluecesanum
686 4205 711 4257 ιιι
729 4205 842 4259 archivio
861 4205 1055 4260 custodiendum
1074 4203 1225 4258 mitteretur.

177 4357 180 4368 ,
286 4293 346 4345 ιιι.
380 4289 459 4358 liuius
476 4291 502 4344 S.
520 4290 546 4344 C.
568 4291 666 4344 liceret!
694 4291 786 4345 intuitu
811 4291 895 4357 quinti
921 4289 1026 4346 concilii
1052 4287 1247 4342 Ealtimorensis
1275 4288 1362 4342 Patres
1387 4287 1422 4340 ita

182 4380 355 4436 declararunt:

285 4468 417 4533 Perpeuso
434 4467 538 4522 decreto
556 4469 582 4522 S.
601 4465 814 4532 congregationis
833 4466 865 4519 de
882 4466 957 4520 lrouls
974 4463 1162 4530 temporalibus
1175 4462 1313 4528 Ecclesiae,
1331 4461 1422 4514 Patres

183 4559 297 4614 animum
316 4557 427 4612 maxime
446 4567 603 4622 propensum
626 4556 658 4610 ad
683 4558 797 4610 mentem
820 4554 846 4606 s.
864 4553 939 4607 sedis
960 4554 987 4606 ιιι
1011 4551 1129 4607 omnium
1152 4550 1312 4617 sequendam
1337 4549 1423 4602 osten·
