3152 4952
226 269 258 307 .’
314 257 505 312 Shhenzelmte
522 215 639 322 Sauos:
657 259 859 314 communicatio
877 259 903 312 in
921 259 1002 314 sacris
1020 260 1068 314 ant
1084 257 1245 314 iiimtiirern.
1336 237 1398 342 267

160 429 332 512 scheidung
361 425 457 498 mehr.
503 430 635 496 Bischof
651 431 767 514 Scalae
794 449 854 496 von
883 430 991 496 Gulae:
1024 430 1109 495 Ahar
1138 432 1288 498 Benedici
1314 433 1398 502 XIV.

160 533 198 600 ale
221 533 336 619 synodo
359 533 538 599 dioecesana
552 533 606 599 lib.
625 535 676 602 Vl.
693 553 759 618 cap.
777 533 813 598 V.
838 555 868 599 n.
882 535 910 598 2.
927 533 1086 600 wideuuit
1102 535 1155 599 das
1171 556 1228 628 von
1244 537 1399 604 Ersterem

158 638 191 702 iu
221 637 322 702 dieser
352 637 450 704 Socha
480 639 722 724 Vorgetragena.
767 637 1000 722 Domcapitular
1021 638 1165 708 Fessler:
1198 639 1240 704 ils
1275 641 1400 708 basteht

160 741 226 808 aina
242 744 305 810 alta
327 744 499 826 papstiicha
522 743 726 826 Vercrdnung
749 743 890 821 detribu,
913 743 968 807 wie
992 743 1040 806 die
1061 743 1272 810 Akatholiken
1286 765 1323 810 zu
1345 747 1400 812 be·

159 847 276 928 grahan
316 848 368 930 fid
401 847 465 912 und
497 848 530 912 in
555 849 675 914 Betraii
694 848 748 912 cles
770 847 1017 914 Gottasdienstaa
1040 849 1089 912 hir
1110 849 1276 916 diesclhen.
1322 853 1399 918 ilina

158 867 393 1036 russaneffing
413 971 472 1017 von
486 942 615 1036 *Gregor
636 953 693 1017 Hi.
717 973 757 1017 an
773 953 948 1018 Boniiecius
971 953 1086 1018 laniet:
1110 953 1224 1020 Sancta
1243 955 1291 1020 sic
1312 931 1399 1022 tenet

159 1055 302 1135 ccclesia,
332 1057 367 1120 ut
395 1072 543 1138 provere
577 1056 754 1122 christianis
778 1095 818 1103 -
842 1075 901 1120 non
925 1056 984 1121 nisi
1010 1076 1064 1140 pro
1086 1059 1217 1122 mortuis
1239 1059 1398 1126 catholicis

158 1159 305 1224 offeratur
338 1161 480 1226 sanctum
509 1160 655 1226 officium.
700 1161 790 1226 Auch
813 1161 868 1226 das
891 1162 985 1226 cutte
1009 1162 1172 1228 concilium
1194 1163 1398 1228 Lateranense

158 1264 246 1347 sagi,
269 1264 339 1330 dass
361 1265 394 1328 iu
410 1265 462 1330 der
484 1264 816 1332 Harasieacstoraena
837 1266 1128 1332 wedorkathohsch
1142 1267 1298 1350 hagrahou
1320 1266 1399 1332 noch

157 1367 207 1431 hir
234 1368 280 1432 sie
302 1368 465 1434 Firrbitten
499 1368 706 1453 dorgebraeht
740 1369 862 1434 werden
890 1370 1026 1435 cornea
1070 1369 1145 1435 Sind
1178 1370 1261 1434 diese
1288 1371 1400 1436 Decla-

159 1471 299 1536 rationen
323 1474 402 1537 etwa
424 1475 527 1556 spatas
550 1473 754 1556 auigehchen,
776 1493 802 1538 z.
827 1475 862 1540 B.
887 1473 984 1538 durch
1006 1475 1148 1540 Mariin's
1164 1475 1200 1539 V.
1214 1475 1399 1560 ,constitutio

159 1575 202 1639 cci
223 1576 395 1641 actionus?
425 1575 518 1642 Neiu.
563 1575 656 1641 Diese
678 1576 770 1642 Bulla
792 1579 877 1661 sagi:
904 1593 964 1660 ‘per
994 1577 1050 1643 hcc
1083 1580 1188 1643 tamen
1222 1577 1400 1644 huiusmodi

159 1677 412 1744 excommunicati
445 1679 586 1744 nolumus
616 1679 718 1766 aliquo
748 1679 839 1746 modo
873 1679 1028 1746 subleuari
1061 1683 1092 1746 at
1122 1682 1295 1766 suffragari.
1340 1681 1398 1747 Die

159 1781 369 1850 Constitution
391 1783 455 1850 will
469 1783 582 1850 Nichts
598 1803 636 1848 au
657 1783 798 1850 camna
820 1784 874 1850 cer
888 1785 1188 1851 Ercomrnunioirten
1203 1786 1398 1854 bestimmen.

74 1907 75 1910 ¹
107 1958 111 1966 ¹
162 1885 212 1950 Sia
234 1887 276 1951 ist
291 1907 349 1952 nur
364 1888 396 1951 in
411 1887 581 1952 Richsicht
603 1889 660 1953 auf
679 1889 729 1952 dia
744 1889 906 1954 habandan
929 1889 1082 1964 arlaasen3
1105 1889 1149 1954 sie
1174 1890 1238 1954 will
1260 1905 1318 1956 nur
1341 1892 1399 1956 dau

157 1990 307 2056 lebenden
329 1991 520 2057 Katholihen
543 1992 780 2078 Firleichtcrung
809 1994 841 2058 iu
863 1994 962 2060 ihrem
987 1994 1144 2061 Verkehra
1164 1995 1223 2060 mit
1248 1993 1399 2060 lebenden

134 2095 348 2160 'Hiratiharn
374 2095 537 2180 gewahreu
564 2097 628 2160 und
654 2116 686 2162 so
709 2097 814 2162 literas
840 2117 893 2162 aur
914 2099 1126 2184 Vermeidung
1147 2119 1206 2166 ron
1227 2098 1399 2165 Scandalcn

158 2199 354 2266 bestimmcn.
398 2199 483 2266 Aber
505 2200 554 2266 ein
566 2199 700 2266 Scandal
714 2201 758 2267 iai
771 2213 804 2267 ca
820 2203 917 2281 nicht,
941 2203 1049 2282 denen,
1071 2203 1121 2268 dia
1137 2204 1186 2269 dic
1201 2203 1399 2269 Sacramenta

159 2304 246 2370 nichi
270 2295 392 2378 achan,
423 2303 472 2369 die
495 2303 694 2370 Sacramenta
720 2325 757 2370 zu
779 2307 990 2391 verweigern,
1012 2307 1075 2370 unrl
1102 2307 1152 2371 fiir
1176 2306 1225 2372 die
1248 2306 1335 2371 nicht
1362 2284 1399 2370 zu

105 2433 108 2440 ¹
157 2407 259 2486 haten,
286 2407 335 2473 die
356 2426 395 2474 an
417 2408 527 2474 hainen
542 2409 786 2494 Reinigungsort
801 2411 944 2494 glauben.
989 2411 1139 2476 Benedici
1161 2411 1245 2476 XIV.
1268 2410 1304 2474 de
1328 2429 1394 2494 syn.

158 2510 253 2577 dioec.
280 2511 334 2576 lib.
362 2513 416 2576 Vl.
440 2531 465 2576 c.
490 2513 519 2576 5.
544 2513 598 2578 Νι.
622 2513 664 2578 li.
692 2514 811 2596 spricht
839 2533 870 2579 es
896 2515 1114 2580 ausclrriclr-lich
1139 2534 1208 2592 aus,
1236 2515 1305 2578 dass
1330 2515 1396 2578 eine

157 2616 394 2682 communicatio
408 2617 442 2680 in
463 2617 557 2681 sacris
580 2617 835 2683 mithrctihem
855 2619 1185 2696 undSchiamatikern,
1209 2619 1288 2684 auch
1311 2637 1400 2683 naun

158 2718 203 2784 sia
217 2719 305 2785 nicht
327 2720 452 2802 speciali
474 2721 727 2786 excommunioni
753 2722 850 2801 scien,
881 2723 1059 2807 unnultssig
1088 2723 1140 2788 aci.
1184 2723 1248 2787 Der
1273 2723 1400 2788 Bisohoi

156 2821 272 2906 Seston
293 2842 353 2888 von
375 2823 467 2890 Oclm
488 2823 590 2888 varlas
612 2824 661 2888 dia
677 2823 773 2889 Stella
796 2843 851 2890 aus
878 2825 1037 2891 Benedici.
1060 2827 1080 2892 i.
1104 2845 1148 2890 a:

242 2965 307 3028 ,alit
325 2965 488 3018 nihilominus
507 2977 538 3017 ea
557 2967 597 3018 est
615 2965 711 3017 misera
730 2969 877 3019 nostrorum
897 2972 1043 3031 leaenarum
1062 2967 1189 3028 conditio,
1215 2970 1243 3018 nt
1268 2965 1354 3018 multis
1373 2967 1398 3018 iu

159 3052 312 3114 provinciis,
332 3053 358 3104 in
377 3051 467 3116 quibus
486 3053 611 3104 haereses
630 3053 674 3104 aut
692 3053 859 3106 dominantur
873 3056 918 3106 aut
933 3057 1086 3116 grassantur
1103 3053 1221 3118 impone,
1247 3053 1337 3104 doram
1356 3064 1399 3104 aa·

159 3137 245 3210 thaliai
264 3137 371 3196 sumant
397 3139 665 3200 necessitatamaum
691 3141 828 3192 haereticis
855 3141 1026 3194 conversandi
1055 3144 1081 3192 et
1107 3139 1272 3193 familiariter
1296 3138 1398 3202 agendi.

159 3223 278 3286 Quamvis
308 3226 395 3278 auteur
422 3237 469 3288 uer
496 3227 628 3281 canonem
657 3226 760 3278 concilii
787 3225 991 3280 constantiensis
1009 3239 1024 3279 a
1043 3229 1152 3281 Martiae
1170 3227 1197 3279 V.
1220 3227 1399 3290 sacratarum,

159 3309 200 3374 cui
219 3310 306 3374 incipit
327 3309 369 3362 ad
387 3311 550 3375 evitanda,
578 3311 671 3376 quique
698 3313 722 3364 in
741 3325 788 3364 suo
807 3324 911 3376 semper
930 3314 1018 3375 vigore
1044 3313 1198 3378 permansit,
1224 3325 1277 3365 uon
1296 3313 1399 3366 obstan·

160 3396 229 3448 iilius
249 3397 385 3449 contrariis
404 3399 618 3461 subsequentibus
638 3399 864 3450 t‘cnstitutionihus
888 3398 1057 3450 conciliorum
1080 3399 1225 3450 Basiliensis
1248 3402 1274 3452 et
1291 3399 1398 3452 Latera·

158 3483 255 3546 nensis,
273 3481 390 3535 nonnihil
410 3483 528 3535 relaxata
546 3483 624 3536 merit
641 3485 775 3546 disciplina
794 3483 818 3535 in
837 3497 885 3543 eo,
906 3485 972 3547 quoi
999 3485 1110 3546 pertinet
1133 3485 1165 3536 acl
1191 3485 1399 3538 conversandum

159 3570 235 3632 atace
254 3568 329 3620 etiarn
348 3569 374 3620 iu
393 3568 486 3620 diuinis
505 3571 745 3623 communicantium
765 3581 821 3622 curn
840 3569 988 3632 haereticis,
1011 3572 1051 3634 uui
1070 3571 1215 3624 tolerantur
1234 3574 1259 3622 et
1278 3581 1401 3634 exorasse

159 3654 304 3710 oenunciati
324 3667 375 3707 non
393 3659 454 3708 aaut
472 3661 602 3720 tamquam
620 3657 733 3720 vitanoi,
759 3661 785 3708 ut
804 3658 861 3708 fuse
880 3658 973 3720 orchea
993 3653 1208 3724 (laborantius,
1235 3670 1286 3710 uon
1308 3659 1400 3710 idcirco

159 3743 246 3793 tamen
264 3741 382 3792 arbitrari
401 3741 497 3794 dehent
516 3743 641 3805 catholici,
662 3744 702 3793 ias
721 3743 769 3795 sihi
787 3757 854 3806 esse,
872 3742 1018 3818 indistincte
1036 3755 1094 3795 cunr
1114 3743 1263 3806 haereticis,
1283 3744 1400 3808 anamais

150 3815 210 3878 *uon
229 3827 389 3882 denuncietis
407 3827 432 3880 in
450 3828 529 3880 rehus
547 3829 630 3880 sacris
649 3834 675 3881 at
693 3829 784 3881 divinis
804 3830 1007 3882 communicare:
1034 3829 1160 3892 siquidem
1181 3829 1275 3890 Paulus
1294 3831 1321 3882 v,
1342 3832 1401 3893 nost

159 3918 286 3966 maturam
306 3915 344 3967 rei
362 3916 549 3966 discussionem
568 3917 715 3980 neutiquam
734 3917 810 3967 licere
830 3915 945 3966 definivit
965 3915 1101 3966 catholicis
1118 3917 1192 3978 regni
1207 3915 1320 3978 angliae,
1339 3916 1401 3968 hae·

159 4001 299 4054 reticorum
318 4003 414 4065 terrola
433 4001 508 4053 adire
536 4001 679 4066 ritibusque
706 4001 848 4062 interesse,
864 4001 940 4064 'quus
967 4000 1027 4052 inibi
1047 4007 1183 4064 exercent,
1202 4001 1237 4051 uti
1256 4004 1344 4066 legere
1362 4006 1403 4056 est

160 4087 186 4138 in
204 4088 304 4140 duobus
322 4089 442 4150 decretis,
462 4088 495 4139 ah
514 4088 607 4139 eciem
626 4087 743 4150 oontihce
763 4087 852 4149 editis,
871 4099 923 4138 uno
942 4087 1040 4138 scilicet
1058 4087 1116 4137 anni
1138 4087 1215 4147 iouh,
1241 4076 1323 4142 altero
1341 4091 1401 4144 anni

162 4173 243 4238 1607,
269 4186 335 4237 quae
361 4173 508 4227 referuntur
535 4174 696 4225 acardinali
726 4175 759 4226 (le
784 4174 891 4230 linares.
928 4173 1000 4225 Haud
1019 4172 1139 4237 equidem
1156 4173 1319 4238 ignoramus,
1347 4187 1400 4231 nou

161 4259 253 4312 deesse
272 4261 423 4325 theologos,
451 4261 484 4312 ah
510 4261 578 4312 omni
605 4262 680 4322 cuiue
708 4259 872 4318 absolventes
900 4260 1057 4335 catholicas,
1084 4259 1127 4324 qui
1145 4270 1203 4312 cum
1222 4261 1358 4314 haereticis
1376 4265 1401 4314 at

161 4345 330 4398 schismaticis
349 4347 500 4398 nominatim
519 4358 571 4397 non
589 4345 748 4398 denuntiatis
768 4347 954 4399 communicant
972 4345 997 4397 iu
1016 4344 1107 4396 divinis
1126 4351 1202 4410 atque
1220 4349 1298 4400 etiam
1314 4359 1402 4400 sacra·

161 4435 247 4484 menta
265 4432 297 4483 ah
316 4432 406 4482 iisdem
425 4431 559 4494 recipiunt,
578 4432 715 4484 dummodo
735 4435 784 4484 hae
803 4433 880 4484 simul
901 4431 1056 4484 concurrant
1073 4443 1160 4484 rerum
1180 4431 1400 4486 circumstantiae:

49 4547 51 4550 -
162 4518 245 4582 priano
264 4517 365 4579 scilicet,
385 4521 412 4569 ut
431 4519 462 4568 ao
482 4517 638 4580 praedictam
658 4517 915 4570 ccrnmunicaticnanr
935 4517 1072 4572 catholicos
1092 4519 1181 4582 adigat
1203 4521 1357 4583 gravissima
1376 4523 1402 4569 et

164 4605 458 4670 urgentissimacaasa3
477 4605 608 4669 secunao,
635 4610 668 4658 ιιι·
681 4605 810 4659 ιιιειειιιι
820 4609 865 4658 ιιι
882 4605 1049 4672 schismatici,
1077 4619 1093 4659 a
1119 4607 1212 4672 urinas
1235 4605 1401 4658 sacramenta
