3152 4952
177 175 241 244 ’196
306 233 309 236 -
331 191 552 261 Seirtccntoiocio,
570 195 622 252 has
640 196 730 251 otneite
748 189 923 252 Plenartonoli
941 205 992 254 ton
1012 187 1270 268 continentiores.

176 370 355 424 subsidiariam
374 367 573 422 aduehendum
592 369 659 422 heila
678 369 776 422 homini
796 369 916 424 divinitus
940 373 1027 426 natam
1047 375 1149 429 sincera
1168 376 1292 430 chemate
1310 344 1416 446 elligere

177 463 203 514 et
220 461 245 512 in
263 459 364 510 honore
382 457 487 519 hahere,
507 467 584 509 unum
603 469 696 519 eorpus
715 463 741 509 et
760 469 826 508 unus
844 459 949 521 spiritus
969 473 1027 512 esse
1045 462 1149 527 dehent,
1168 463 1241 516 sicuti
1257 469 1338 520 uocati
1356 474 1417 522 sunt

176 548 201 600 in
220 558 271 598 una
289 558 334 608 spe
353 542 494 597 vuentionis
519 556 581 596 suae
606 543 680 604 (eno.
700 543 756 606 4.),
780 531 908 596 charitate
932 547 1103 600 fraternitatis
1129 549 1235 602 ineicetu
1262 551 1414 618 deligentes,
1516 593 1526 606 ,

175 633 275 687 honore
292 631 401 684 inuicem
420 631 619 690 praevenientes
640 631 726 691 (hom.
747 629 801 692 ot.)

279 719 414 779 ceterum,
441 720 469 766 ut
487 717 571 780 magis
590 721 690 776 pateat,
718 720 812 779 euentu
840 715 1010 768 sollieitudine
1037 719 1146 772 eeclesia
1162 722 1232 774 hano
1250 726 1434 780 eoneorhiam*

175 809 344 858 manutenere
362 807 472 866 satagat,
490 804 570 853 veron
590 803 783 854 transcribimus
802 801 909 854 concilii
929 802 1087 870 Viennensis,
1107 817 1174 869 puae
1193 809 1219 860 in
1240 821 1335 874 eorpus
1351 811 1415 875 luris

175 889 300 952 canonici,
319 889 533 942 clementinorum
551 888 617 940 iihro
637 890 671 944 5..
690 890 728 940 tit.
748 891 773 940 h.
792 891 873 941 relatu
892 895 966 940 sunt:
985 889 1066 952 »Quia
1084 903 1134 944 una
1154 898 1193 944 ost
1210 895 1413 958 Regularlumet

174 979 358 1039 saecularium,
385 979 561 1038 praelatorum
581 980 606 1027 el
625 975 798 1040 subditorum,
826 983 988 1030 exemturum
1014 982 1041 1028 et
1064 989 1118 1030 nun
1137 988 1299 1034 exemturum
1316 985 1414 1037 uniuer-

174 1063 237 1116 salic
254 1061 375 1123 ecclesie,
394 1063 469 1113 extra
488 1073 564 1126 quam
583 1063 669 1113 nulius
689 1063 793 1114 omnino
812 1063 941 1127 salvatur,
960 1075 1068 1128 quorum
1087 1065 1201 1118 omnium
1226 1079 1290 1119 nnus
1308 1076 1349 1122 est
1366 1071 1414 1124 ho·

175 1147 269 1213 minue,
287 1160 338 1200 una
357 1147 422 1198 noes
440 1153 466 1199 et
484 1158 562 1214 unum
582 1147 718 1209 baptismo,
737 1147 827 1211 decet,
845 1152 873 1200 ut
891 1159 996 1212 omnes,
1017 1151 1059 1214 qui
1077 1150 1193 1213 eiusdem
1211 1159 1272 1205 sunt
1290 1158 1414 1222 eorporis,

174 1235 250 1288 unlus
267 1236 345 1286 etiem
364 1235 415 1286 sint
433 1235 580 1296 uoluntatis,
598 1238 624 1284 et
641 1233 706 1285 aient
726 1233 823 1285 tratres
841 1234 871 1298 at
892 1233 1002 1286 invicem
1021 1237 1122 1289 uinculo
1147 1237 1279 1291 charitatis
1300 1242 1350 1294 sint
1368 1245 1413 1296 ad·

173 1321 263 1375 stricti.
298 1320 376 1374 Decet
395 1320 486 1384 igitur,
509 1325 537 1372 nt
555 1325 580 1371 et
599 1320 707 1383 pruenti
726 1325 752 1370 et
770 1318 813 1372 atii
831 1325 884 1374 tum
903 1303 996 1372 exemti
1017 1334 1092 1386 ouum
1111 1335 1162 1376 non
1180 1327 1274 1377 exemti
1298 1328 1351 1380 sula
1373 1329 1413 1392 iu·

172 1409 244 1462 mous
259 1407 312 1460 sint
330 1407 456 1470 contenti,
476 1412 500 1459 et
520 1409 585 1459 aiter
603 1406 629 1458 in
648 1407 755 1459 ulterius
775 1405 894 1468 iniuriam
913 1419 965 1460 non
984 1409 1100 1471 prosiliat
1117 1423 1165 1462 sen
1181 1411 1319 1473 tecturam.
1355 1415 1413 1470 lini·

58 1551 62 1558 ,
174 1497 256 1549 tersis
273 1497 351 1560 igitur
369 1493 490 1558 praelatis
509 1493 642 1563 eoelesipjm
662 1493 805 1555 proesentis
823 1494 963 1546 sanctionis
985 1495 1069 1547 edicto
1092 1496 1205 1550 districte
1231 1501 1412 1564 praecipiendo

173 1585 335 1646 mandemus,
353 1585 482 1638 euctenus
585 1581 655 1632 uiros
679 1579 816 1642 religiosos
910 1579 1062 1633 charitative
1087 1586 1197 1635 tractent
1214 1589 1240 1637 et
1258 1586 1364 1639 foveant
1381 1590 1408 1640 et

172 1679 217 1723 sua
233 1671 291 1734 iuro
310 1674 336 1722 et
354 1669 486 1732 privilegia
502 1667 681 1720 inuiolabiliter
698 1667 729 1718 iis
747 1669 876 1718 servent«
911 1668 1033 1720 hoelmus
1047 1670 1126 1723 verha
1144 1671 1236 1724 Leonis
1250 1672 1288 1738 lh,
1306 1671 1333 1724 ln
1346 1674 1411 1728 cott-

171 1755 319 1819 stitutione,
348 1765 415 1819 uuae
442 1754 541 1816 incipit:
570 1755 649 1804 iteum
677 1752 758 1816 inter,
787 1753 908 1805 »iratres
932 1749 1087 1818 (tenuiores
1115 1755 1242 1823 intellige)
1269 1759 1410 1816 innuente

171 1851 276 1895 unctae
295 1840 458 1894 obedientiae
477 1851 626 1902 monemus,
646 1846 673 1890 ut
691 1839 829 1902 Episcopus
856 1840 913 1892 ioco
942 1843 966 1893 S.
994 1843 1020 1893 S.
1047 1843 1228 1905 Apostolorum
1256 1845 1410 1907 snhropatos

172 1939 218 1993 pro
237 1924 327 1979 uenita'
339 1931 367 1978 et
385 1926 495 1979 Nostrae
513 1932 540 1978 et
557 1925 762 1988 elnonensem
781 1927 936 1992 reverentie,
950 1941 1065 1992 congruo
1084 1930 1183 1982 honore
1203 1935 1229 1982 et
1247 1933 1409 1987 conuenienti

171 2014 333 2067 uhserrantia
362 2019 529 2078 tenetentum
647 2013 718 2076 ipsos
745 2025 847 2078 quoqne
865 2015 1002 2078 Episcopus
1022 2016 1169 2079 hortamur,
1197 2023 1226 2070 et
1245 2030 1291 2080 per
1310 2020 1410 2071 viscera

171 2101 363 2152 miserie-urtice
382 2101 425 2152 hei
445 2100 527 2152 nostri
545 2099 707 2165 requirimus,
726 2106 754 2153 ut
772 2102 869 2154 iratres
887 2103 958 2166 ipsos
970 2104 1065 2156 atleetu
1085 2104 1211 2157 benevolo
1224 2111 1408 2169 prosequentes

171 2186 322 2240 eharitatiue
342 2193 453 2238 tractent
472 2199 502 2237 ao
521 2188 632 2248 henigne
651 2188 764 2251 ioveent,
783 2201 862 2254 aeque
881 2189 931 2241 iilis
950 2191 1055 2242 minime
1074 2189 1190 2244 hitliclles
1209 2196 1255 2244 out
1270 2192 1350 2244 duros
1369 2195 1409 2244 tei

170 2283 297 2338 morosos,
316 2274 363 2325 seri
376 2273 460 2336 potius
473 2274 570 2334 terties,
585 2275 672 2336 mites,
692 2273 817 2338 propitios
830 2277 924 2338 piaque
941 2277 1112 2328 munitieemia
1127 2277 1248 2329 ilherales
1262 2279 1408 2342 exhibeant,

170 2371 201 2412 ac
217 2361 243 2412 ln
262 2361 380 2412 omnihus
391 2361 536 2422 ‘praedietis
554 2361 686 2422 tamquam
706 2359 731 2411 in
750 2372 812 2423 agre
833 2363 949 2414 hominio
967 2369 1151 2426 cooperatores
1171 2375 1313 2429 eorumque
1337 2366 1408 2418 laho-

170 2455 227 2498 rem
246 2448 382 2509 participes
400 2450 519 2509 prompto
538 2444 696 2508 henignitote
715 2446 841 2508 recipiant
860 2459 1000 2513 eorumque
1021 2449 1080 2512 iuro
1106 2449 1175 2501 omni
1201 2461 1258 2502 eum
1280 2451 1407 2504 charitate

133 2576 134 2579 ,
170 2534 315 2589 custodient
341 2545 418 2598 oeque
445 2533 613 2584 defendant«
659 2533 770 2584 'lentem
795 2533 950 2586 remittimus
977 2535 1010 2586 au
1038 2537 1158 2588 eximiam
1181 2537 1317 2601 Epistulam
1335 2537 1409 2592 itini.

170 2622 302 2674 liumherti
321 2633 336 2672 a
354 2620 537 2682 Prooemium,
558 2618 631 2670 sedis
651 2620 765 2681 tpostui.
784 2619 900 2672 laudibus
919 2623 1126 2684 comprecatam,
1149 2624 1174 2674 in
1199 2635 1249 2687 qua
1266 2626 1405 2679 concertio
1442 2613 1445 2621 '

171 2707 237 2760 cleri
257 2715 283 2760 et
301 2707 464 2772 negntarium
483 2707 590 2758 multum
610 2707 813 2760 commentatur.
850 2703 984 2772 [Syttodioi
1004 2709 1106 2774 helprici,
1124 2713 1195 2764 ium.
1215 2711 1239 2763 2.
1258 2723 1316 2776 pag.
1334 2708 1408 2778 tlt.)
1428 2709 1430 2712 ’

270 2795 336 2848 'cum
364 2795 465 2846 siucero
492 2792 589 2845 effectu
616 2804 811 2857 permanemus,
834 2795 975 2846 heverenui
990 2795 1113 2861 homini,
1139 2796 1228 2849 Vester
1252 2799 1407 2852 humillimus

169 2881 291 2936 homulus.

274 2967 487 3030 hieohiinlae‚
509 2967 547 3020 ts.
565 2965 678 3019 tannarii
699 2965 775 3018 1836.

874 3051 893 3115 i
912 3051 1129 3122 Enpelbertne,
1148 3056 1265 3121 trehiep.
1284 3059 1373 3110 tieem.

270 3173 336 3238 Das
360 3171 465 3238 Oeneil
488 3172 598 3238 ephebi
620 3171 736 3237 sudanti
759 3182 801 3256 tn.
817 3173 881 3236 415
897 3164 995 3258 seqq.)
1015 3173 1073 3238 mit
1090 3174 1149 3239 den
1163 3174 1313 3240 hochsteu
1327 3162 1406 3240 hoh-

168 3279 319 3362 spn'uehen
353 3277 407 3344 dae
429 3277 558 3344 Wieken
591 3278 644 3344 der
678 3278 860 3344 neihliehen
884 3277 1152 3364 Congregationen
1181 3279 1244 3343 und
1270 3277 1352 3343 sieht
1374 3279 1406 3344 in

167 3383 262 3448 ihnen
284 3381 343 3448 den
364 3382 480 3466 Fingee
503 3381 623 3450 Getice.
668 3383 834 3448 Dieselhen
863 3383 985 3448 werden
1008 3384 1117 3450 derum
1140 3382 1219 3452 auch
1242 3383 1407 3464 recht-en·

168 3483 376 3576 gelegentlich
398 3487 452 3552 der
476 3488 664 3553 uhterliehen
687 3485 839 3572 Fiiesur'ge
862 3487 916 3553 der
935 3487 1120 3553 Oheehirton
1142 3486 1326 3570 empfohlen.
1370 3487 1407 3554 In

168 3591 289 3658 Betreff
307 3592 361 3657 der
384 3591 584 3657 Beiehlviter
605 3592 681 3656 nied
715 3593 771 3657 auf
801 3592 856 3656 dus
886 3591 1015 3676 jimgsie
1039 3590 1144 3656 concii
1177 3609 1236 3656 run
1260 3591 1407 3658 Ravenna

168 3697 341 3763 verniosen.
387 3696 478 3776 Znei‚
501 3697 632 3762 deeimal
654 3698 697 3762 im
718 3697 814 3764 Jahre
836 3697 934 3763 sellun
958 3695 1254 3762 eussererdentliehe
1276 3695 1404 3762 Beiehi·

167 3803 254 3867 uhter
276 3801 326 3866 die
343 3800 495 3866 Beiehisn
511 3801 596 3865 Alter
619 3802 723 3868 huten.
742 3799 851 3878 hueh,
867 3809 979 3885 mhgen
1002 3800 1067 3866 sith
1090 3800 1140 3866 die
1163 3799 1305 3866 Bisehtife
1320 3799 1407 3865 nieht

168 3905 249 3970 ullzu
270 3905 435 3987 ¹schnierig
456 3906 574 3990 loigeri,
597 3923 685 3969 nsnn
706 3905 942 3972 Klosierfeeuen
972 3905 1050 3971 auch
1073 3907 1159 3970 const
1181 3903 1406 3970 einmaleinen

167 4008 485 4074 eussercrtientliehen
508 4009 708 4075 Beichiraier
731 4011 894 4094 hegehren.

269 4112 478 4177 Bekunntiich
500 4113 588 4178 hatte
611 4133 683 4178 uttan
705 4115 780 4179 soher
803 4114 853 4179 die
868 4114 978 4198 Frage,
1001 4113 1039 4178 ob
1062 4111 1111 4177 die
1127 4111 1266 4178 Gelribde
1288 4113 1406 4198 einiger

166 4214 347 4284 weiblichen
369 4215 471 4282 Orden
494 4219 525 4281 in
541 4218 688 4283 Amerike
710 4215 868 4284 feierliohe
889 4218 973 4283 scien
996 4216 1069 4282 oder
1090 4215 1188 4296 nicht,
1211 4216 1335 4282 Zneifel
1357 4235 1405 4282 er·

164 4319 265 4388 huben
287 4321 350 4386 und
372 4322 440 4388 eine
462 4322 697 4408 Entscheidung
719 4322 772 4387 des
795 4322 931 4406 heiligen
951 4320 1078 4386 Stuhles
1107 4320 1238 4403 deliber
1268 4320 1402 4404 nachgo-

164 4425 266 4490 sttehi.
310 4424 401 4490 Aueh
435 4425 490 4489 das
528 4425 668 4492 »Arctois
701 4427 751 4491 hir
783 4425 900 4492 hethel.
934 4423 1179 4490 Kirchenreehte
1214 4425 1271 4488 hott
1303 4423 1403 4488 seiher

165 4529 234 4594 Zeii
256 4529 386 4597 duriter
408 4529 570 4596 beriehiet.
615 4530 664 4594 Da
687 4529 736 4594 die
752 4527 850 4595 Saehe
872 4529 1085 4635 gegennhrtig
1102 4527 1241 4594 definitio
1263 4524 1403 4611 geregelt
