3146 4960
342 307 434 366 1111.
469 309 506 363 be
524 309 640 363 ecclesiis
657 306 782 375 bonisque
801 299 892 361 eccles.
912 304 1030 362 tenendis
1048 305 1220 376 tutandisque.
1343 285 1404 362 1⁶79

161 485 259 542 docum
277 483 505 538 constitutionibus
520 484 626 536 decreta
644 483 711 538 sunt.
747 479 800 534 lloc
818 485 905 534 tauram
924 481 1029 534 decreto
1053 481 1116 536 nibil
1140 481 1267 541 innovare
1286 484 1404 543 volumus

161 571 187 624 iu
205 585 236 624 ea
254 571 355 624 ratione
373 569 476 635 agendi,
496 582 572 635 quam
590 569 615 622 in
632 581 679 622 sua
699 569 809 622 dioecesi
835 569 976 633 Episcopus
995 567 1219 633 caroiopolitauus
1235 559 1290 638 lam
1308 576 1403 630 servet.

267 660 326 712 ist.
363 657 487 720 duantum
505 669 600 722 graves
618 659 691 710 ortae
710 659 773 708 suut
790 656 882 709 turbae
898 655 1010 708 ¹elirersis
1035 657 1193 720 temporibus
1216 655 1241 712 in
1260 661 1332 714 bisce
1350 667 1404 717 stu·

161 743 238 810 tibus,
256 745 328 798 laicis
345 745 501 809 bominibus,
521 745 672 808 pracsertim
692 742 809 808 aedituis,
828 743 876 800 sibi
896 755 1034 807 perperam
1052 746 1242 799 assumentibus
1257 746 1300 812 lus
1318 754 1403 812 patro·
1459 743 1464 752 ’

161 837 247 893 uatus,
265 835 290 886 et
308 831 391 898 (quod
410 831 493 896 uirgis
511 831 657 884 tuirandum
675 831 730 892 est)
753 831 794 894 Jus
815 829 981 882 institutionis
1003 830 1035 881 ad
1055 831 1176 884 nonestus
1200 845 1245 886 seu
1259 835 1404 902 missiones,

162 918 228 970 adeo
246 921 276 970 ut
301 923 419 983 pastores
452 931 498 973 aen
525 917 704 972 missiouarios
731 918 789 970 sibiv
806 918 903 980 eligere
931 917 1041 981 vellent,
1069 918 1147 969 eiiam
1174 919 1253 972 inrito
1281 923 1402 988 episcopa

162 1015 258 1070 eosque
285 1005 398 1059 retinere
426 1007 451 1058 in
478 1004 604 1069 pastorali
631 1016 737 1057 munere
757 1009 846 1057 contra
866 1003 977 1068 episcopi
1000 1005 1171 1072 voiuntatem5
1189 1007 1230 1058 rel
1249 1020 1310 1073 eos,
1338 1019 1402 1073 quos

163 1093 299 1156 episcopus
318 1091 484 1155 probaverat,
502 1092 640 1156 reticerent
658 1094 700 1144 vei
718 1092 849 1145 dimittere
865 1091 1086 1156 aggrederentur,
1110 1092 1151 1144 vei
1169 1095 1283 1146 muueris
1300 1093 1339 1148 stit
1358 1105 1403 1148 en-

164 1179 279 1232 ercitium
298 1179 436 1244 impedire,
463 1179 584 1233 subsidiis
603 1179 636 1230 ad
653 1181 721 1232 vitoe
747 1181 960 1230 sustentationem
987 1179 1134 1244 subductis,
1162 1191 1209 1233 sen
1236 1181 1285 1233 1111
1313 1184 1403 1246 quavis

162 1265 278 1330 ratione;
297 1276 407 1329 quorum
425 1266 559 1319 conatibus
577 1266 695 1318 nonnulii
712 1266 861 1318 sacerdotes
880 1264 997 1317 sinistros
1016 1266 1049 1318 ob
1068 1265 1133 1318 lines
1151 1268 1247 1320 iuvisse
1264 1267 1402 1333 aliquando

162 1351 317 1404 noscuntur:
341 1352 441 1405 litteris
467 1353 616 1416 apostolicis
640 1365 692 1404 sac.
717 1339 795 1405 mem.
814 1351 849 1403 Pii
870 1352 989 1415 t'lll.,.et
1007 1352 1099 1406 Leonis
1117 1353 1181 1418 lili,
1201 1367 1232 1406 ac
1249 1356 1274 1408 S.
1289 1353 1402 1420 conpre-

162 1437 274 1501 gationis
292 1439 426 1502 responsis
442 1440 617 1502 inhaerentes,
637 1440 687 1491 boc
705 1445 792 1491 nostro
812 1437 1111 1505 decreto-declaramus,
1131 1451 1278 1504 repugnare
1297 1451 1404 1506 prorsus

162 1523 295 1576 doctrinae
314 1527 341 1575 et
358 1524 507 1588 discipliuae
525 1524 653 1578 Ecclesiae
673 1524 716 1588 lus
733 1525 794 1576 iilud
820 1524 923 1576 ateiris
947 1531 1089 1577 assumtum
1116 1525 1265 1578 instituendi
1295 1537 1342 1580 sen
1366 1525 1404 1579 di·

166 1610 282 1664 mittendi
299 1613 433 1674 pastorea;
451 1614 479 1662 et
496 1613 602 1674 insuper
621 1611 791 1673 declaramus,
815 1611 913 1664 nulium
927 1611 970 1674 jus
993 1613 1143 1673 patronatus
1161 1611 1343 1677 cuiuscumque
1361 1622 1405 1676 gc·

166 1698 252 1762 ueris,
279 1698 347 1762 quod
374 1698 441 1749 sacri
460 1702 602 1760 agnoscant
622 1711 749 1762 canones,
776 1703 922 1762 competere
940 1709 1008 1750 nuuc
1035 1697 1110 1750 alicui
1128 1709 1264 1763 personne,
1281 1697 1405 1751 laicorum

166 1783 377 1848 congregationi,
401 1784 563 1838 aedituorum
591 1790 679 1838 coetus
707 1797 755 1837 sen
782 1786 839 1836 utils
856 1783 1056 1849 quibuscumque
1088 1785 1252 1847 persennia
1279 1785 1329 1836 bac
1346 1797 1406 1848 pro·

166 1872 257 1924 vincia.
292 1870 459 1922 itecisrumcs
478 1871 559 1922 etiam·
573 1871 699 1934 stipendia
718 1884 764 1923 seu
782 1871 897 1924 subsidia·
914 1881 1100 1936 quaecumque,
1120 1883 1187 1934 quae
1206 1871 1291 1922 soient
1309 1878 1324 1922 a
1342 1870 1406 1924 ilde·

166 1957 232 2008 libus
252 1956 342 2020 tribui,
361 1956 402 2007 rel
421 1957 454 2007 ob
472 1957 527 2008 ioca
547 1955 657 2020 quaein
677 1957 792 2010 ecclesiis
810 1963 949 2020 occupent,
969 1958 1010 2008 vel
1028 1955 1061 2008 ob
1081 1958 1214 2008 servitium
1239 1957 1305 2020 qood
1326 1959 1406 2009 eccle·

167 2042 211 2098 siis
230 2055 276 2094 seu
295 2041 456 2094 missionibus
469 2043 620 2095 sacerdotes
639 2044 798 2107 impendunt,
817 2044 858 2094 uei
871 2049 898 2095 ut
911 2043 1005 2095 landus
1025 2045 1055 2094 ad
1071 2042 1205 2094 ecclesiam
1222 2041 1406 2096 aedificandam

166 2133 331 2192 comparetur
344 2129 385 2180 rel
397 2135 422 2180 ut
435 2129 543 2182 ecclesia
563 2134 705 2194 extruetur,
724 2126 804 2194 (quae
823 2130 935 2182 subsidia
949 2131 1098 2194 pierumque
1117 2129 1263 2182 tribuuntur
1281 2129 1403 2182 collaticia

166 2219 247 2282 stipe,
275 2220 300 2270 et
326 2217 395 2268 nullu
423 2217 708 2280 assignataecciesiae
735 2221 806 2269 certo
831 2217 913 2282 date,)
938 2218 1037 2268 nullum
1053 2216 1094 2279 jus
1114 2217 1227 2270 tribuere
1245 2219 1408 2283 patronatus,

146 2289 234 2370 'quod
253 2315 269 2356 1
287 2305 367 2356 sacris
385 2303 525 2362 caportibus
544 2309 709 2368 agnoscatur.
1300 2289 1304 2296 ’

273 2391 329 2442 185.
366 2393 472 2454 iusuper
508 2393 674 2443 vebemcnier
700 2401 824 2453 urgemus
842 2399 933 2441 omnes
953 2389 1028 2452 butus
1046 2389 1192 2452 provinciae
1210 2391 1358 2455 praesules,
1376 2392 1408 2444 ’11

168 2478 295 2542 religioni,
313 2475 370 2540 paci
388 2477 531 2540 Ecclesiae,
551 2483 577 2528 et
594 2476 761 2530 sacerdotalis
788 2476 883 2528 ordinis
903 2475 1018 2540 dignitati
1043 2475 1190 2542 consulunt;
1213 2477 1305 2529 saitem
1328 2477 1408 2529 iacul-

170 2570 236 2616 tates
256 2564 343 2615 statim
361 2564 519 2626 revocando,
538 2563 579 2614 vel
597 2562 629 2614 ab
649 2564 718 2615 omni
737 2575 813 2615 sacro
833 2573 939 2614 munere
957 2563 1148 2626 suspendendo,
1166 2564 1333 2627 quoadusque
1351 2569 1408 2627 past

170 2651 298 2713 integram
318 2649 503 2714 poenitentiam
523 2654 548 2702 et
566 2649 770 2700 satisfactionem
790 2651 852 2711 ipsis
869 2647 1031 2712 praesulibus
1052 2649 1132 2700 visum
1152 2649 1177 2701 iu
1195 2649 1302 2702 liomino
1321 2649 1408 2713 tuerit,

171 2749 357 2803 quemcumque
376 2736 497 2788 clericum
523 2738 577 2801 qui,
602 2735 766 2801 aliquatenus
791 2735 962 2798 usurpationis
986 2735 1132 2799 huiusmodi
1155 2736 1297 2790 fabricator
1319 2747 1366 2789 seu
1384 2737 1409 2788 ei

171 2824 338 2876 consenticus
357 2823 444 2887 inerit,
463 2827 538 2884 prout
557 2835 572 2872 1
589 2821 744 2874 Tridentinis
763 2822 881 2873 Patribus
899 2825 939 2873 est
956 2824 1087 2873 statutum.

276 2911 332 2962 181.
368 2909 518 2972 Praeterea,
538 2910 558 2960 si
577 2908 650 2974 plebs
668 2907 760 2973 aliqua,
778 2919 825 2960 seu
845 2909 1024 2970 congregatio,
1051 2921 1096 2960 seu
1123 2909 1283 2960 aedituorum
1310 2910 1408 2973 coetus,

171 3009 217 3050 seu
235 2997 276 3048 aiii
295 2996 447 3060 quicumque
465 2995 565 3060 agressi
589 2995 685 3047 tuerint
704 2994 789 3060 aliqua
808 2995 909 3047 ratione
934 3001 1023 3047 contra
1047 2994 1173 3058 praesulis
1198 2995 1356 3047 voluntatem
1380 2995 1406 3046 iu

170 3083 280 3136 ecclesia
293 3091 455 3146 quacumque
472 3082 585 3134 retinere
601 3083 760 3134 sacerdotem
780 3081 899 3144 aliquem,
918 3081 960 3145 qui
975 3093 990 3132 a
1008 3081 1126 3143 praesule
1147 3091 1200 3132 nou
1218 3081 1297 3132 luerit
1312 3092 1409 3145 appro-

172 3172 257 3233 batus,
275 3169 316 3222 cei
331 3168 403 3232 cujus
422 3167 559 3220 facultates
577 3168 801 3232 luerint-ablatae,
828 3168 870 3220 vel
888 3167 931 3232 qui
949 3179 1089 3230 suspensus
1102 3167 1189 3232 inerit,
1208 3165 1345 3232 (quamdiu
1357 3179 1409 3220 nou

172 3259 250 3312 luerit
268 3268 284 3308 a
301 3255 415 3318 legitimo
434 3242 572 3318 superiore
589 3251 794 3320 rebabllitutus];
812 3257 854 3306 vel
871 3255 892 3306 si
911 3255 1079 3316 congregatio
1097 3254 1141 3306 iila
1172 3265 1218 3306 seu
1247 3255 1410 3308 aedituorum

173 3347 262 3398 coetus
280 3343 424 3396 molestiam
442 3341 538 3393 inierat
556 3340 581 3392 in
599 3347 647 3394 suo
672 3353 780 3394 munere
799 3341 917 3393 obeundo
942 3341 1017 3392 alicui
1041 3341 1170 3392 sacerdoti
1193 3343 1294 3394 sacrum
1318 3351 1411 3393 munus

171 3431 304 3484 exercenti
322 3439 379 3481 cum
397 3429 521 3493 praesuiis
540 3428 732 3491 approbatione,
751 3432 795 3480 aut
813 3427 939 3480 subducat
962 3427 1002 3478 rei
1021 3427 1132 3479 retineat
1154 3430 1305 3478 consuetum
1330 3426 1412 3480 subsi-

174 3516 243 3568 dium
266 3515 300 3566 11
322 3515 389 3568 iltius
414 3515 644 3567 sustentationem:
669 3514 801 3578 praesules
825 3523 949 3576 urgemus
969 3512 1073 3564 omuino
1091 3513 1120 3562 ut
1138 3517 1191 3562 tum
1211 3513 1314 3562 demum
1334 3511 1412 3564 iuter·

174 3603 260 3654 dicant
276 3603 390 3666 ipsorum
401 3601 533 3653 ecclesiam
552 3597 733 3666 [quoadusque
750 3604 823 3653 tauto
836 3600 905 3651 maio
922 3598 1066 3650 remedium
1085 3594 1232 3662 afferatur),
1249 3609 1307 3649 corut
1326 3600 1413 3650 cetera

175 3689 261 3742 omnia
279 3687 394 3740 remedia
411 3687 511 3740 inutilia
529 3700 588 3740 esse
606 3690 738 3752 appareat.
778 3686 917 3738 Hortamur
939 3685 1016 3736 eiiam
1041 3697 1131 3737 omnes
1157 3686 1289 3748 praesules
1314 3685 1338 3736 in
1364 3686 1414 3736 trac

175 3775 296 3838 regione,
319 3780 347 3826 ut
365 3785 444 3845 saepe
463 3773 565 3837 saepius
585 3772 837 3826 administratoribus
857 3784 943 3825 rerum
962 3773 1157 3835 temporalium,
1182 3784 1247 3836 quae
1272 3771 1304 3824 att
1331 3772 1413 3823 eccle·

176 3860 292 3912 siasticos
316 3863 342 3914 et
360 3849 415 3925 pits
440 3873 502 3912 usus
520 3860 696 3922 destinantur,
720 3862 867 3922 proponant
891 3864 917 3912 ct
940 3858 1081 3919 inculcent,
1101 3863 1126 3909 et
1145 3856 1290 3908 executioni
1309 3859 1415 3909 deruan-

177 3947 233 3999 dari
252 3951 356 4012 curent,
383 3959 450 4011 quae
478 3960 493 3999 a
521 3947 629 4000 concilio
656 3946 802 3998 tridentino
829 3946 855 3998 iu
882 3947 951 3997 bunc
977 3955 1033 3996 rem
1056 3947 1115 3995 sunt
1132 3944 1293 3996 sanctissime
1311 3941 1415 3996 decreta

178 4033 258 4094 (sess.
276 4033 349 4085 iiiiii.
368 4033 428 4090 Cap.
451 4034 490 4084 ii.
509 4033 541 4085 de
563 4033 640 4093 liei).

283 4137 339 4190 187.
375 4121 464 4189 Patres
482 4149 544 4189 vero
572 4135 676 4188 Consilii
704 4134 897 4187 Baitinroreusis
916 4133 997 4195 tertii,
1024 4133 1065 4196 pia
1094 4133 1154 4183 rnoti
1179 4131 1364 4197 sollicitudine,
1381 4145 1416 4185 oe

178 4224 231 4277 lieo
250 4223 331 4276 dicata
350 4223 418 4277 bona
436 4223 462 4276 iu
481 4222 544 4275 ulios
564 4221 755 4274 divertereutur
773 4233 834 4272 usus
853 4221 917 4272 baec
935 4217 1118 4270 decreverunt:
1191 4287 1194 4294 1

281 4307 318 4361 lie
336 4308 449 4362 bdelium
468 4305 510 4370 piu
537 4308 656 4360 voluntas
674 4319 721 4359 suo
739 4306 875 4358 fraudetur
893 4305 1002 4365 effectu,
1027 4307 1053 4355 et
1071 4312 1137 4368 quae
1155 4305 1207 4356 lico
1233 4305 1374 4358 dicaverint
1392 4305 1417 4358 in

180 4395 307 4462 Ecclesiae
325 4396 471 4458 utilitatem,
490 4395 522 4446 ad
541 4394 604 4445 ulios
623 4394 815 4446 transferuutur
833 4404 906 4454 usus,
935 4401 1070 4442 monemus
1096 4390 1244 4454 episcopos,
1268 4391 1417 4442 sacerdotes

179 4487 207 4536 et
224 4483 288 4536 alios
307 4493 405 4544 omnes,
424 4494 503 4545 penes
521 4492 586 4546 quos
604 4479 672 4532 bonu
689 4483 749 4530 sunt
767 4477 871 4530 mabilia
888 4478 930 4529 vei
947 4475 1087 4529 inmobilia
1101 4476 1133 4528 ad
1152 4475 1341 4529 ecclesiasticos
1355 4486 1418 4527 usus

181 4569 256 4633 datu,
274 4572 317 4635 ut,
344 4580 375 4620 ea
402 4581 469 4632 quoe
495 4569 521 4622 in
547 4567 654 4631 siugulis
680 4564 829 4620 laederetis
857 4563 995 4617 Provinciis
1012 4561 1142 4616 tutissima
1160 4562 1291 4615 videbitur
1307 4560 1419 4624 retrone,

182 4655 371 4724 quamprimum
390 4655 721 4721 commentarienses
740 4653 839 4718 civiles,
860 4651 948 4706 usibus
971 4664 987 4704 a
1011 4650 1178 4705 donatoribus
1203 4647 1343 4710 designatis
1364 4656 1420 4699 sar·

1151 4732 1214 4798 12*
