3150 4958
256 239 331 290 conc.
350 239 417 304 pion.
436 237 565 290 saltimor.
584 238 612 290 il.
631 226 667 304 (α’.
690 235 768 303 isus]
788 237 824 290 tii.
843 237 892 291 llil.
913 235 1131 296 [resocieiatibus
1149 239 1263 291 secretis.
1318 219 1381 284 209

139 412 231 474 nenda,
250 424 265 464 a
284 423 333 476 qua
351 413 538 466 absolutionem
556 415 629 464 extra
647 412 739 464 mortis
758 410 902 474 articulum,
921 411 1022 464 nonnisi
1040 411 1072 462 ab
1091 411 1146 473 ipso
1165 411 1235 464 llom
1251 410 1382 475 lautidce,

141 499 182 551 uel
201 499 235 552 ab
253 499 297 552 illo
315 499 443 562 delegatis
462 499 579 552 obtinere
597 499 713 562 possunt.
750 497 818 560 Quas
838 496 940 562 quidem
962 495 1107 550 cathedrae
1126 495 1282 559 Principalis
1295 495 1382 549 decla·

140 585 256 638 rationes
274 584 358 638 debita
380 597 436 638 cum
455 585 601 638 reuerentia
619 584 795 648 suscipientes,
814 583 906 636 barrum
926 582 1114 647 prouinciarum
1134 581 1274 646 antistites,
1289 581 1344 646 lant
1357 583 1382 638 in

114 659 117 664 ’
141 671 257 735 concilio
275 671 454 725 saltimoreusi
473 671 525 734 lv„
544 671 648 724 decreto
667 671 791 735 septimo,
810 681 900 722 arcere
919 669 1004 722 eonati
1022 677 1095 724 eram
1123 669 1213 722 ildeles
1239 668 1287 722 sibi
1313 680 1384 722 oona·

142 758 236 810 missos
254 770 269 809 a
288 757 432 812 tenebrosis
450 755 596 820 huiusmodi
613 757 705 816 sectis;
725 755 792 821 quod
810 755 941 807 decretum
959 755 1029 808 bisce
1047 756 1134 808 uerbis
1154 755 1282 819 prolatum
1301 755 1357 808 luit.

253 844 312 896 513.
349 843 474 907 »Propter
491 843 657 907 grauissimas
675 843 787 894 rationes
807 843 943 896 uetuerunt
959 842 1002 894 ss.
1014 841 1162 905 Pontifices,
1180 855 1213 895 ne
1231 842 1322 896 ddeies
1338 843 1384 896 se·

142 935 229 982 cretas
243 931 384 982 societates
403 929 492 993 quovis
510 929 614 980 nomine
632 929 793 991 nurroupaias
812 927 909 985 ineant.
926 926 1095 992 iureiurando
1114 937 1174 979 sese
1192 929 1383 993 adstringentes

66 1035 72 1046 ·
142 1015 176 1068 ad
196 1027 290 1069 arcana
308 1016 445 1068 serrarnda.
482 1015 545 1068 llam
571 1014 677 1067 foedera
702 1013 847 1077 buiusoaodi
872 1013 1014 1065 clanculum
1033 1011 1109 1076 inita,
1134 1014 1194 1067 maii
1211 1013 1384 1078 suspicionem

143 1106 169 1155 et
187 1103 331 1166 periculum
350 1113 412 1166 prae
430 1115 459 1154 se
477 1101 573 1162 ierunt.
594 1104 619 1153 et
635 1099 814 1163 jrrsiuranriuro
834 1103 932 1152 temere
950 1099 1100 1152 adhibetur.
1137 1100 1232 1152 ldolrco
1250 1109 1385 1154 monemus

141 1189 294 1242 sacerdotes
313 1198 413 1249 omnes,
432 1189 559 1240 neminem
579 1199 656 1251 posse
676 1187 838 1238 absolutione
857 1187 1040 1240 sacramentali
1059 1187 1159 1250 donari,
1180 1188 1227 1242 nisi
1245 1187 1277 1239 ab
1298 1185 1386 1251 buius·

144 1275 214 1328 modi
238 1270 409 1328 societatibus
434 1286 541 1338 prorsus
563 1275 675 1326 recedat.
716 1273 855 1326 Hortamur
879 1281 965 1326 autem
991 1279 1016 1326 et
1039 1273 1063 1326 in
1088 1274 1195 1326 botnino
1218 1274 1386 1326 obsecramus

143 1361 234 1414 ddeles
253 1373 357 1424 omues,
388 1365 414 1412 nt
441 1361 539 1413 occulta
559 1361 602 1412 illa
620 1359 728 1412 foedera
757 1359 842 1411 omnia
868 1360 1011 1425 declinent,
1039 1360 1331 1422 mente;reuolveuies‚
1356 1371 1386 1412 se

144 1446 239 1500 cbristi
257 1447 372 1500 membro
393 1460 459 1512 esse,
479 1451 504 1497 et
522 1445 659 1508 Ecclesiae,
679 1455 745 1510 quae
764 1449 848 1496 mater
863 1450 952 1497 nostra
970 1449 1019 1509 est,
1037 1446 1165 1498 mandatis
1179 1445 1270 1510 teneri,
1289 1458 1386 1511 eosque

144 1539 174 1586 ut
192 1534 260 1587 iiiios
279 1535 342 1586 locis
362 1533 459 1586 debere
478 1531 625 1596 ambulare,
640 1532 713 1596 iuxta
732 1531 895 1584 sanctissima
914 1535 940 1584 et
959 1532 1045 1585 diviua
1063 1533 1105 1585 iiia
1125 1532 1293 1596 documenta,
1318 1544 1385 1598 puae

145 1621 261 1674 cbristus
279 1620 400 1674 dominus
419 1619 549 1673 tradidit«
586 1618 673 1680 (salt,
693 1617 765 1670 Nunc
784 1618 826 1671 55.
861 1618 918 1671 lam
948 1619 1006 1671 iude
1034 1619 1067 1672 ab
1094 1629 1162 1672 anno
1182 1619 1385 1682 ¹81⁰‚inlialt

145 1707 226 1758 conv.
245 1707 385 1760 damnatae
403 1707 506 1758 luerent
524 1705 669 1770 huiusmodi
689 1701 853 1771 societates.)

252 1793 309 1846 dil.
347 1793 515 1846 comantem
542 1792 574 1844 de
601 1803 694 1855 sensu,
722 1803 771 1856 ouo
801 1793 1004 1846 constitutiones
1031 1793 1178 1848 Pontidciae
1205 1790 1387 1860 intelligendae

147 1885 249 1944 esseut,
268 1892 357 1934 omnes
376 1892 428 1932 non
448 1889 554 1943 prorsus
573 1881 754 1940 convenirent,
783 1879 933 1932 Francisrus
960 1880 1081 1934 Patritius
1107 1880 1234 1946 senrica,
1261 1881 1388 1938 Philadel·

147 1967 261 2032 piliensis
279 1971 340 2020 tunc
357 1965 477 2030 antistes,
496 1965 520 2016 s
538 1967 631 2018 sedem
656 1967 785 2020 consuluit
809 1967 841 2019 de
866 1965 962 2018 »sociis
980 1967 1188 2032 Singularitas«
1216 1967 1309 2034 (uolgo
1334 1967 1388 2024 odo

146 2054 271 2116 Fellows)
288 2065 391 2105 necnon
409 2052 442 2106 de
459 2051 526 2104 Ftiiis
545 2051 742 2114 temperantiae
760 2059 786 2106 et
805 2053 860 2105 aitis
880 2051 1005 2116 eiusmodi
1019 2053 1142 2117 coetibus,
1159 2055 1228 2108 banc
1240 2065 1389 2121 proponens

148 2139 349 2196 dubitationem:
367 2138 472 2190 »illrum
491 2142 580 2190 coetus
599 2137 634 2190 iili
652 2151 701 2202 pro
719 2140 802 2191 vetitis
821 2139 935 2192 babendi
953 2140 1012 2204 sint,
1031 2139 1074 2204 oui
1092 2140 1256 2206 promentur,
1278 2153 1307 2194 se
1326 2139 1389 2196 nibli

148 2227 273 2281 adversus
291 2225 443 2288 religionem
462 2225 544 2277 moliri
562 2226 604 2277 uei
623 2225 722 2278 civitem
742 2227 942 2291 rempublicam,
967 2225 1023 2279 iicet
1046 2229 1172 2280 occultum
1191 2227 1279 2282 ineant
1295 2227 1389 2282 ioedus

146 2315 293 2380 juramento
312 2312 450 2376 firmatum,
477 2313 517 2364 rial
547 2313 611 2365 alias
629 2323 657 2364 se
676 2313 791 2376 obligent
809 2313 841 2364 ad
861 2311 1019 2364 arcanumt«
1055 2313 1134 2368 sacra
1160 2323 1247 2368 autem
1275 2316 1393 2380 congre·

148 2403 218 2465 gatlo
236 2399 408 2466 inquisitionis
427 2399 468 2451 die
484 2397 526 2450 at.
547 2402 609 2463 ntrg.
631 2399 710 2464 1850,
734 2400 943 2465 respondendum
970 2399 1005 2451 iiii
1030 2399 1157 2454 decrerit:
1184 2401 1389 2467 »comprehendi

148 2488 226 2541 Bullis
244 2485 408 2540 Pontiflclis.‹
964 2549 965 2553 Ἰ

168 2587 171 2590 ·
252 2574 309 2626 515.
345 2573 437 2626 lerum
456 2584 513 2626 cum
533 2571 698 2626 diidruitates
717 2573 784 2636 apud
803 2585 850 2626 uos
869 2583 975 2626 anonae
993 2573 1058 2640 sint,
1083 2585 1114 2628 er
1138 2587 1185 2640 eo,
1208 2576 1276 2645 quod
1301 2577 1389 2640 plores

149 2663 200 2714 sint
218 2661 397 2724 operariorum
417 2660 509 2724 aliique
528 2659 675 2723 hujusmodi
691 2662 794 2723 coetus,
818 2661 851 2713 de
876 2647 967 2725 ouibus
991 2661 1131 2728 dubitatur,
1159 2673 1193 2714 au
1220 2661 1390 2725 comproben-

149 2748 243 2799 dantur
260 2745 308 2799 sub
327 2746 492 2799 damnatione
510 2746 613 2810 saepius
639 2750 729 2798 contra
748 2745 889 2798 societates
909 2745 1027 2799 secretas
1046 2759 1062 2799 a
1080 2747 1124 2799 ss.
1143 2747 1310 2802 Pontificibus
1329 2749 1390 2816 laia,

150 2837 273 2898 praestat,
292 2833 420 2896 rationes,
444 2833 477 2884 ob
497 2843 559 2898 quas
578 2833 693 2886 occultae
712 2831 854 2884 societates
872 2831 933 2885 buic
948 2832 1043 2898 indicio
1060 2831 1191 2898 subiectae
1209 2834 1272 2899 sint,
1295 2831 1391 2900 ipsissi-

150 2921 198 2974 mis
218 2919 367 2974 l’ontldcum
386 2919 472 2972 uerbis
490 2917 599 2972 referre.
852 2929 877 2940 ··
1368 2913 1371 2922 '

91 3095 94 3100 1
253 3025 312 3077 516.
347 3023 404 3076 lam
423 3035 485 3076 vero
503 3024 656 3077 Benedictus
673 3023 740 3088 llil,
759 3024 784 3076 in
804 3023 989 3077 Constitutione
1009 3029 1104 3090 apost,
1123 3038 1189 3090 uuae
1208 3024 1295 3094 incipit
1312 3025 1390 3083 »Pro-

150 3109 240 3166 tidasr
259 3107 320 3178 (xil.
340 3111 394 3162 llai.
414 3113 472 3176 lpr.
494 3107 586 3175 1751),
613 3101 689 3176 buius
716 3113 859 3164 sindonitae
889 3124 981 3165 causas
1008 3111 1151 3166 luculenter
1177 3117 1289 3168 enarrat.
1322 3114 1391 3169 ilaec

149 3203 235 3253 autem
255 3211 288 3250 ex
305 3197 436 3249 Benedicti
455 3197 560 3250 constit.
579 3197 774 3261 depromuntur:
1099 3201 1101 3208 '

253 3285 349 3339 »Porro
366 3285 433 3336 inter
451 3284 616 3348 gratissimas
636 3285 769 3348 praefatae
782 3285 957 3352 prohibitionis
985 3291 1011 3338 ei
1029 3285 1202 3340 damnationis
1229 3275 1337 3352 musas,
1363 3288 1391 3340 io

149 3373 313 3438 praeinserta
332 3371 520 3446 Constitutione
538 3371 597 3433 (sci.
617 3370 756 3424 clementis
775 3372 823 3424 xli.
842 3383 884 3422 an.
905 3367 985 3437 1738)
1005 3372 1390 3440 enuntiataa‚unaest,a1uod

149 3461 175 3512 in
193 3457 342 3522 hujusmodi
360 3458 529 3511 societatibus
549 3461 579 3510 et
592 3457 792 3522 conventiculis,
810 3457 983 3522 cujuscunque
1001 3457 1135 3524 religionis
1153 3471 1184 3512 ao
1201 3465 1289 3513 sectae
1306 3460 1390 3514 bomi-

148 3558 197 3600 nes
216 3543 325 3597 inuicem
344 3543 539 3608 consociantur;
566 3557 617 3610 pua
645 3559 676 3598 ex
700 3556 729 3597 re
756 3541 820 3597 satis
839 3545 924 3608 patet,
954 3554 1030 3609 uuam
1058 3555 1160 3608 magna,
1171 3545 1298 3610 pernicies
1317 3546 1390 3601 crtb.

148 3631 286 3694 Religionis
305 3629 409 3694 puritati
428 3629 518 3683 inferri
537 3633 633 3683 ualeat.
670 3632 757 3684 ultera
776 3634 815 3684 est
834 3635 932 3684 arctum
951 3635 975 3684 et
1000 3630 1154 3694 impervium
1177 3633 1271 3686 secreti
1287 3633 1391 3698 taedas.

149 3730 200 3783 quo
218 3719 380 3771 occultantur
398 3729 438 3782 ea,
458 3729 524 3783 auae
541 3717 566 3770 in
585 3719 730 3783 huiusmodi
750 3718 935 3771 conventiculis
954 3715 1028 3784 dunt,
1047 3717 1139 3784 quibus
1158 3718 1264 3782 proinde
1282 3731 1313 3771 ea
1331 3732 1391 3774 seu·

148 3803 230 3864 tentia
248 3804 340 3857 merito
368 3805 452 3868 aptari
479 3807 580 3868 potest,
607 3815 683 3870 quarn
703 3804 827 3858 caecilius
855 3803 950 3857 Natalis
976 3803 1045 3869 apud
1073 3803 1208 3858 llinucium
1235 3804 1343 3858 Felicem
1364 3805 1391 3860 in

150 3901 229 3954 rausa
248 3890 366 3944 nimirum
388 3891 492 3944 diversa
510 3887 628 3956 protulit:
646 3892 776 3962 allonesia
797 3901 902 3955 semper
919 3890 1020 3954 publico
1038 3891 1159 3955 gaudent,
1178 3889 1277 3944 scelera
1288 3897 1391 3947 secreta

149 3980 237 4031 sunt«
269 3977 352 4030 Tertia
371 3981 409 4030 esi
426 3975 613 4042 iusiurandum,
629 3989 683 4043 ‘quo
701 3991 730 4029 se
749 3976 893 4041 huiusmodi
906 3982 1010 4031 secreto
1023 3975 1203 4029 inviolabiliter
1219 3976 1391 4046 adstringunt,
1455 4003 1456 4006 ¹

151 4064 224 4128 quasi
242 4065 317 4118 liceat
335 4063 409 4116 alicui
428 4063 564 4128 cuiusiibet
583 4064 759 4129 promissionis
779 4067 823 4116 aut
839 4063 977 4127 iuramenti
990 4062 1096 4117 obtentu
1113 4076 1142 4115 se
1160 4063 1235 4130 tueri,
1255 4065 1391 4130 poominua
1424 4082 1428 4089 ·

151 4161 166 4202 a
185 4149 299 4216 legitima
317 4153 445 4214 potestate
465 4151 638 4214 interrogatus
656 4149 744 4204 omnia
765 4149 842 4203 trieri
868 4151 1001 4215 teneatur,
1027 4162 1196 4216 quaecunque
1223 4151 1392 4226 exquiruntur

151 4237 183 4289 ad
203 4235 424 4302 dignoscendum,
442 4251 476 4291 an
495 4235 589 4303 aliquid
607 4236 633 4289 in
651 4237 796 4302 huiusmodi
816 4237 983 4291 conventibus
1001 4235 1061 4300 ilat,
1083 4235 1149 4302 qood
1168 4237 1200 4290 sit
1218 4241 1308 4292 contra
1325 4237 1393 4294 lietb*

150 4323 235 4388 gionis
253 4327 296 4378 aut
314 4323 477 4388 Reipublicae
495 4329 590 4377 statum
610 4329 636 4378 ct
654 4325 727 4387 leges
842 4323 934 4376 Ultima
953 4325 1065 4389 demum,
1082 4323 1150 4390 quod
1165 4325 1234 4389 apud
1252 4325 1393 4390 prudentes

151 4412 179 4462 et
197 4410 290 4478 probos
308 4409 378 4463 uiros
397 4412 503 4463 eaedem
522 4411 663 4464 societates
682 4412 708 4464 et
725 4407 931 4478 deprecationes
953 4410 1021 4462 male
1040 4411 1171 4476 audirent,
1195 4422 1335 4476 eorumque
1350 4409 1393 4474 io·

152 4493 234 4560 dicio,
261 4497 406 4563 quicunque
434 4495 533 4549 eisdem
551 4496 655 4550 nomina
673 4497 779 4562 darent,
805 4494 938 4562 pravitatis
962 4497 989 4548 et
1010 4485 1183 4560 perversioris
1200 4499 1289 4550 notam
1307 4487 1392 4549 incur·

153 4585 269 4636 rorent«
884 4591 888 4594 ·
1374 4605 1378 4612 ·

206 4684 276 4726 anau
291 4683 486 4726 municarius
500 4683 556 4725 narr.
1146 4666 1186 4734 14
